%[1]
@article{meira2020contextualized,
  title={Contextualized interpretable machine learning for medical diagnosis},
  author={Meira Jr, Wagner and Ribeiro, Antonio LP and Oliveira, Derick M and Ribeiro, Antonio H},
  journal={Communications of the ACM},
  volume={63},
  number={11},
  pages={56--58},
  year={2020},
  publisher={ACM New York, NY, USA}
}

%[2]
@article{char2018implementing,
  title={Implementing machine learning in health careâ€”addressing ethical challenges},
  author={Char, Danton S and Shah, Nigam H and Magnus, David},
  journal={The New England journal of medicine},
  volume={378},
  number={11},
  pages={981},
  year={2018},
  publisher={NIH Public Access}
}

%[3]
@article{kraus2020deep,
  title={Deep learning in business analytics and operations research: Models, applications and managerial implications},
  author={Kraus, Mathias and Feuerriegel, Stefan and Oztekin, Asil},
  journal={European Journal of Operational Research},
  volume={281},
  number={3},
  pages={628--641},
  year={2020},
  publisher={Elsevier}
}

%[4]
@inproceedings{ebadi2019can,
  title={How can automated machine learning help business data science teams?},
  author={Ebadi, Ashkan and Gauthier, Yvan and Tremblay, St{\'e}phane and Paul, Patrick},
  booktitle={2019 18th IEEE International Conference On Machine Learning And Applications (ICMLA)},
  pages={1186--1191},
  year={2019},
  organization={IEEE}
}

%[5]
@inproceedings{grammenos2021analysis,
  title={Analysis and Optimisation of Building Efficiencies through Data Analytics and Machine Learning},
  author={Grammenos, R and Karagiannis, K and Escalante Ruiz, M},
  year={2021},
  organization={ASHRAE}
}

%[6]
@article{fan2019novel,
  title={A novel methodology to explain and evaluate data-driven building energy performance models based on interpretable machine learning},
  author={Fan, Cheng and Xiao, Fu and Yan, Chengchu and Liu, Chengliang and Li, Zhengdao and Wang, Jiayuan},
  journal={Applied Energy},
  volume={235},
  pages={1551--1560},
  year={2019},
  publisher={Elsevier}
}

%[7]
@inproceedings{lim2017enhanced,
  title={Enhanced deep residual networks for single image super-resolution},
  author={Lim, Bee and Son, Sanghyun and Kim, Heewon and Nah, Seungjun and Mu Lee, Kyoung},
  booktitle={Proceedings of the IEEE conference on computer vision and pattern recognition workshops},
  pages={136--144},
  year={2017}
}

%[8]
@book{hall2019introduction,
  title={An introduction to machine learning interpretability},
  author={Hall, Patrick and Gill, Navdeep},
  year={2019},
  publisher={O'Reilly Media, Incorporated}
}

%[9]
@article{mi2020review,
  title={Review study of interpretation methods for future interpretable machine learning},
  author={Mi, Jian-Xun and Li, An-Di and Zhou, Li-Fang},
  journal={IEEE Access},
  volume={8},
  pages={191969--191985},
  year={2020},
  publisher={IEEE}
}

%[10]
@inproceedings{deng2020analysis,
  title={An analysis of adversarial attacks and defenses on autonomous driving models},
  author={Deng, Yao and Zheng, Xi and Zhang, Tianyi and Chen, Chen and Lou, Guannan and Kim, Miryung},
  booktitle={2020 IEEE International Conference on Pervasive Computing and Communications (PerCom)},
  pages={1--10},
  year={2020},
  organization={IEEE}
}

%[11]
@misc{trackBuilding2020,
   title = {International Energy Agency (IEA), Tracking Buildings 2020},
   howpublished = {  \url{https://www.iea.org/reports/tracking-buildings-2020} },
   author={IEA},
   year={Accessed August 20, 2021}
}

%[12]
@article{chua2013achieving,
  title={Achieving better energy-efficient air conditioning--a review of technologies and strategies},
  author={Chua, Kian Jon and Chou, Siaw Kiang and Yang, WM and Yan, Jinyue},
  journal={Applied Energy},
  volume={104},
  pages={87--104},
  year={2013},
  publisher={Elsevier}
}

%[13]
@article{shaikh2014review,
  title={A review on optimized control systems for building energy and comfort management of smart sustainable buildings},
  author={Shaikh, Pervez Hameed and Nor, Nursyarizal Bin Mohd and Nallagownden, Perumal and Elamvazuthi, Irraivan and Ibrahim, Taib},
  journal={Renewable and Sustainable Energy Reviews},
  volume={34},
  pages={409--429},
  year={2014},
  publisher={Elsevier}
}

%[14]
@article{satrio2019optimization,
  title={Optimization of HVAC system energy consumption in a building using artificial neural network and multi-objective genetic algorithm},
  author={Satrio, Pujo and Mahlia, Teuku Meurah Indra and Giannetti, Niccolo and Saito, Kiyoshi and others},
  journal={Sustainable Energy Technologies and Assessments},
  volume={35},
  pages={48--57},
  year={2019},
  publisher={Elsevier}
}

%[15]
@article{liu2019novel,
  title={A novel deep reinforcement learning based methodology for short-term HVAC system energy consumption prediction},
  author={Liu, Tao and Xu, Chengliang and Guo, Yabin and Chen, Huanxin},
  journal={International Journal of Refrigeration},
  volume={107},
  pages={39--51},
  year={2019},
  publisher={Elsevier}
}

%[16]
@inproceedings{paul2018iot,
  title={IoT and machine learning based prediction of smart building indoor temperature},
  author={Paul, Debayan and Chakraborty, Tanmay and Datta, Soumya Kanti and Paul, Debolina},
  booktitle={2018 4th International Conference on Computer and Information Sciences (ICCOINS)},
  pages={1--6},
  year={2018},
  organization={IEEE}
}

%[17]
@inproceedings{arendt2018comparative,
  title={Comparative analysis of white-, gray-and black-box models for thermal simulation of indoor environment: Teaching building case study},
  author={Arendt, Krzysztof and Jradi, Muhyiddine and Shaker, Hamid Reza and Veje, Christian},
  booktitle={Proceedings of the 2018 Building Performance Modeling Conference and SimBuild co-organized by ASHRAE and IBPSA-USA, Chicago, IL, USA},
  pages={26--28},
  year={2018}
}

%[18]
@article{alawadi2020comparison,
  title={A comparison of machine learning algorithms for forecasting indoor temperature in smart buildings},
  author={Alawadi, Sadi and Mera, David and Fern{\'a}ndez-Delgado, Manuel and Alkhabbas, Fahed and Olsson, Carl Magnus and Davidsson, Paul},
  journal={Energy Systems},
  pages={1--17},
  year={2020},
  publisher={Springer}
}

%[19]
@inproceedings{li2013hvac,
  title={HVAC room temperature prediction control based on neural network model},
  author={Li, Shujiang and Ren, Shuang and Wang, Xiangdong},
  booktitle={2013 Fifth International Conference on Measuring Technology and Mechatronics Automation},
  pages={606--609},
  year={2013},
  organization={IEEE}
}

%[20]
@article{ruano2006prediction,
  title={Prediction of building's temperature using neural networks models},
  author={Ruano, Antonio E and Crispim, Eduardo M and Concei{\c{c}}ao, Eus{\'e}bio ZE and L{\'u}cio, Ma Manuela JR},
  journal={Energy and Buildings},
  volume={38},
  number={6},
  pages={682--694},
  year={2006},
  publisher={Elsevier}
}

%[21]
@article{mateo2013machine,
  title={Machine learning methods to forecast temperature in buildings},
  author={Mateo, Fernando and Carrasco, Juan Jos{\'e} and Sellami, Abderrahim and Mill{\'a}n-Giraldo, M{\'o}nica and Dom{\'\i}nguez, Manuel and Soria-Olivas, Emilio},
  journal={Expert Systems with Applications},
  volume={40},
  number={4},
  pages={1061--1068},
  year={2013},
  publisher={Elsevier}
}

%[22]
@article{godahewa2020simulation,
  title={Simulation and optimisation of air conditioning systems using machine learning},
  author={Godahewa, Rakshitha and Deng, Chang and Prouzeau, Arnaud and Bergmeir, Christoph},
  journal={arXiv preprint arXiv:2006.15296},
  year={2020}
}

%[23]
@article{xu2019improving,
  title={Improving prediction performance for indoor temperature in public buildings based on a novel deep learning method},
  author={Xu, Chengliang and Chen, Huanxin and Wang, Jiangyu and Guo, Yabin and Yuan, Yue},
  journal={Building and Environment},
  volume={148},
  pages={128--135},
  year={2019},
  publisher={Elsevier}
}

%[24]
@article{du2019techniques,
  title={Techniques for interpretable machine learning},
  author={Du, Mengnan and Liu, Ninghao and Hu, Xia},
  journal={Communications of the ACM},
  volume={63},
  number={1},
  pages={68--77},
  year={2019},
  publisher={ACM New York, NY, USA}
}

%[33]
@article{friedman2001greedy,
  title={Greedy function approximation: a gradient boosting machine},
  author={Friedman, Jerome H},
  journal={Annals of statistics},
  pages={1189--1232},
  year={2001},
  publisher={JSTOR}
}

%[45]
@inproceedings{ribeiro2016should,
  title={" Why should i trust you?" Explaining the predictions of any classifier},
  author={Ribeiro, Marco Tulio and Singh, Sameer and Guestrin, Carlos},
  booktitle={Proceedings of the 22nd ACM SIGKDD international conference on knowledge discovery and data mining},
  pages={1135--1144},
  year={2016}
}

%[52]
@inproceedings{lundberg2017unified,
  title={A unified approach to interpreting model predictions},
  author={Lundberg, Scott M and Lee, Su-In},
  booktitle={Proceedings of the 31st international conference on neural information processing systems},
  pages={4768--4777},
  year={2017}
}

%[53]
@book{myerson2013game,
  title={Game theory},
  author={Myerson, Roger B},
  year={2013},
  publisher={Harvard university press}
}

%[57]
@article{dickey1981likelihood,
  title={Likelihood ratio statistics for autoregressive time series with a unit root},
  author={Dickey, David A and Fuller, Wayne A},
  journal={Econometrica: journal of the Econometric Society},
  pages={1057--1072},
  year={1981},
  publisher={JSTOR}
}

%[61]
@book{box2015time,
  title={Time series analysis: forecasting and control},
  author={Box, George EP and Jenkins, Gwilym M and Reinsel, Gregory C and Ljung, Greta M},
  year={2015},
  publisher={John Wiley \& Sons}
}

%[62]
@article{agwuegbo2010random,
  title={A random walk model for stock market prices},
  author={Agwuegbo, SON and Adewole, AP and Maduegbuna, AN},
  year={2010},
  publisher={Journal of Mathematics and Statistics}
}

%[63]
@inproceedings{ariyo2014stock,
  title={Stock price prediction using the ARIMA model},
  author={Ariyo, Adebiyi A and Adewumi, Adewumi O and Ayo, Charles K},
  booktitle={2014 UKSim-AMSS 16th International Conference on Computer Modelling and Simulation},
  pages={106--112},
  year={2014},
  organization={IEEE}
}

%[64]
@article{jain2016dynamic,
  title={Dynamic linkages among oil price, gold price, exchange rate, and stock market in India},
  author={Jain, Anshul and Biswal, Pratap Chandra},
  journal={Resources Policy},
  volume={49},
  pages={179--185},
  year={2016},
  publisher={Elsevier}
}

%[65]
@article{chen2015xgboost,
  title={Xgboost: extreme gradient boosting},
  author={Chen, Tianqi and He, Tong and Benesty, Michael and Khotilovich, Vadim and Tang, Yuan and Cho, Hyunsu and others},
  journal={R package version 0.4-2},
  volume={1},
  number={4},
  pages={1--4},
  year={2015}
}