@misc{nielsen2002quantum,
  title={Quantum computation and quantum information},
  author={Nielsen, Michael A and Chuang, Isaac},
  year={2002},
  publisher={American Association of Physics Teachers}
}

@article{Ying2012FloydhoareLF,
  title={Floyd--hoare logic for quantum programs},
  author={Mingsheng Ying},
  journal={ACM Trans. Program. Lang. Syst.},
  year={2012},
  volume={33},
  pages={19:1-19:49}
}

@inproceedings{Winskel1993TheFS,
  title={The formal semantics of programming languages - an introduction},
  author={Glynn Winskel},
  booktitle={Foundation of computing series},
  year={1993}
}

@article{Hoare1969AnAB,
  title={An axiomatic basis for computer programming},
  author={Charles Antony Richard Hoare},
  journal={Commun. ACM},
  year={1969},
  volume={12},
  pages={576-580}
}

@article{Jones2019QuESTAH,
  title={QuEST and High Performance Simulation of Quantum Computers},
  author={Tyson Jones and Anna Brown and Ian J. Bush and Simon C. Benjamin},
  journal={Scientific Reports},
  year={2019},
  volume={9}
}

@article{Wu2019FullstateQC,
  title={Full-state quantum circuit simulation by using data compression},
  author={Xin-Chuan Wu and Sheng Di and Emma Maitreyee Dasgupta and Franck Cappello and Hal Finkel and Yuri Alexeev and Frederic T. Chong},
  journal={Proceedings of the International Conference for High Performance Computing, Networking, Storage and Analysis},
  year={2019}
}

@article{Poulin2015TheTS,
  title={The Trotter step size required for accurate quantum simulation of quantum chemistry},
  author={David Poulin and Matthew B. Hastings and Dave Wecker and Nathan Wiebe and Andrew C. Doberty and Matthias Troyer},
  journal={Quantum Inf. Comput.},
  year={2015},
  volume={15},
  pages={361-384}
}

@article{Barends2015DigitalQS,
  title={Digital quantum simulation of fermionic models with a superconducting circuit},
  author={Rami Barends and Lucas Lamata and Julian Kelly and Laura Garc{\'i}a-{\'A}lvarez and Austin G. Fowler and Anthony Megrant and Evan Jeffrey and Theodore White and Daniel Thomas Sank and Josh Mutus and Brooks Campbell and Yu Chen and Z Chen and Benjamin Chiaro and Andrew Dunsworth and Io-chun Hoi and Charles J. Neill and P. J. J. O’Malley and Chris Quintana and Pedram Roushan and Amit Vainsencher and J. Wenner and Enrique Solano and John M. Martinis},
  journal={Nature Communications},
  year={2015},
  volume={6}
}

@inproceedings{Wilde2013QuantumIT,
  title={Quantum Information Theory},
  author={Mark M. Wilde},
  booktitle={Quantum Information Theory},
  year={2013}
}

@article{Rand2021StaticAO,
  title={Static Analysis of Quantum Programs via Gottesman Types},
  author={Robert Rand and Aarthi Sundaram and Kartik Singhal and Brad Lackey},
  journal={ArXiv},
  year={2021},
  volume={abs/2101.08939}
}

@inproceedings{Rand2021ExtendingGT,
  title={Extending Gottesman Types Beyond the Clifford Group},
  author={Robert Rand and Kartik Singhal and Brad Lackey and Microsoft},
  booktitle={arXiv},
  year={2021}
}

@article{Rand2021GottesmanTF,
  title={Gottesman Types for Quantum Programs},
  author={Robert Rand and Aarthi Sundaram and Kartik Singhal and Brad Lackey},
  journal={ArXiv},
  year={2021},
  volume={abs/2109.02197}
}

@article{Li2014DebuggingQP,
  title={Debugging Quantum Processes Using Monitoring Measurements},
  author={Yangjia Li and Mingsheng Ying},
  journal={ArXiv},
  year={2014},
  volume={abs/1403.4344}
}

@article{Feng2020QuantumHL,
  title={Quantum Hoare logic with classical variables},
  author={Yuan Feng and Mingsheng Ying},
  journal={ArXiv},
  year={2020},
  volume={abs/2008.06812}
}

@article{DHondt2006QuantumWP,
  title={Quantum weakest preconditions},
  author={Ellie D'Hondt and P. Panangaden},
  journal={Mathematical Structures in Computer Science},
  year={2006},
  volume={16},
  pages={429 - 451}
}

@article{google50296,
	title	= {Exponential suppression of bit or phase flip errors with repetitive quantum error correction},
	author	= {Adam Jozef Zalcman and Alan Derk and Alan Ho and Alex Opremcak and Alexander Korotkov and Alexandre Bourassa and Andre Gregory Petukhov and Andreas Bengtsson and Andrew Dunsworth and Anthony Megrant and Austin Fowler and Bálint Pató and Benjamin Chiaro and Benjamin Villalonga and Brian Burkett and Brooks Riley Foxen and Catherine Erickson and Charles Neill and Chris Quintana and Cody Jones and Craig Michael Gidney and Daniel Eppens and Daniel Sank and Dave Landhuis and David A Buell and Doug Strain and Dvir Kafri and Edward Farhi and Eric Ostby and Erik Lucero and Evan Jeffrey and Fedor Kostritsa and Frank Carlton Arute and Hartmut Neven and Igor Aleiner and Jamie Yao and Jarrod Ryan McClean and Jeremy Patterson Hilton and Jimmy Chen and Jonathan Arthur Gross and Joseph Bardin and Josh Mutus and Juan Atalaya and Julian Kelly and Kevin Miao and Kevin Satzinger and Kostyantyn Kechedzhi and Kunal Arya and Marco Szalay and Marissa Giustina and Masoud Mohseni and Matt McEwen and Matt Trevithick and Matthew Neeley and Matthew P Harrigan and Michael Broughton and Michael Newman and Murphy Yuezhen Niu and Nicholas Bushnell and Nicholas Redd and Nicholas Rubin and Ofer Naaman and Orion Martin and Paul Victor Klimov and Pavel Laptev and Pedram Roushan and Ping Yeh and Rami Barends and Roberto Collins and Ryan Babbush and Sabrina Hong and Sean Demura and Sean Harrington and Seon Kim and Sergei Isakov and Sergio Boixo and Ted White and Thomas E O'Brien and Trent Huang and Trevor Mccourt and Vadim Smelyanskiy and Vladimir Shvarts and William Courtney and Wojtek Mruczkiewicz and Xiao Mi and Yu Chen and Zhang Jiang},
	year	= {2021},
	journal	= {Nature}
}

@article{Chamberland2020,
	title = {Topological and Subsystem Codes on Low-Degree Graphs with Flag Qubits},
	author = {Chamberland, Christopher and Zhu, Guanyu and Yoder, Theodore J. and Hertzberg, Jared B. and Cross, Andrew W.},
	journal = {Phys. Rev. X},
	volume = {10},
	issue = {1},
	pages = {011022},
	numpages = {19},
	year = {2020},
	month = {Jan},
	publisher = {American Physical Society},
	doi = {10.1103/PhysRevX.10.011022},
	url = {https://link.aps.org/doi/10.1103/PhysRevX.10.011022}
}

@article{ChenSatzingerAtalayaKorotkovDunsworthSankQui2,
	title={Exponential suppression of bit or phase errors with cyclic error correction},
	author={Zijun Kevin J. Juan Alexander N. Andrew Daniel Chris Mat Chen Satzinger Atalaya Korotkov Dunsworth Sank Qui and Zijun Chen and Kevin J Satzinger and Juan Atalaya and Alexander N. Korotkov and Andrew Dunsworth and Daniel Thomas Sank and Chris Quintana and Matthew J. McEwen and Rami Barends and Paul Klimov and Sabrina Hong and Cody Jones and Andre Petukhov and Dvir Kafri and Sean Demura and Brian Burkett and Craig Gidney and Austin G. Fowler and Alexandru Paler and Harald Putterman and Igor L. Aleiner and Frank Arute and Kunal Arya and Ryan Babbush and Joseph C. Bardin and Andreas Bengtsson and Alexandre Bourassa and Mick Broughton and Bob B. Buckley and David A. Buell and Nicholas Bushnell and Benjamin Chiaro and Roberto Collins and William Courtney and Alan R. Derk and Daniel Eppens and Catherine Erickson and Edward Farhi and Brooks Foxen and Marissa Giustina and Ami Greene and Jonathan A. Gross and Matthew P. Harrigan and Sean D. Harrington and Jeremy P. Hilton and Alan Ho and Trent Huang and William J. Huggins and L B Ioffe and Sergei V. Isakov and Evan Jeffrey and Zhang Jiang and Kostyantyn Kechedzhi and Seon Kim and Alexei Y. Kitaev and Fedor Kostritsa and David Landhuis and Pavel Laptev and Erik Lucero and Orion Martin and Jarrod R. McClean and Trevor McCourt and Xiao Mi and Kevin C. Miao and Masoud Mohseni and Shirin Montazeri and Wojciech Mruczkiewicz and Josh Mutus and Ofer Naaman and Matthew Neeley and Charles J. Neill and Michael Newman and Murphy Yuezhen Niu and Thomas E. O’Brien and Alexander Opremcak and Eric P. Ostby and B{\'a}lint Pat{\'o} and N Redd and Pedram Roushan and Nicholas C Rubin and Vladimir Shvarts and Doug Strain and Marco Szalay and Matthew D Trevithick and Benjamin Villalonga and Theodore White and Z. Jamie Yao and P Yeh and Juhwan Yoo and Adam Zalcman and Hartmut Neven and Sergio Boixo and Vadim N. Smelyanskiy and Yu Chen and Anthony Megrant and Julian Kelly},
	journal={Nature},
	year={2021},
	volume={595},
	pages={383 - 387}
}

@article{Chamberland2020BuildingAF,
	title={Building a fault-tolerant quantum computer using concatenated cat codes},
	author={Christopher Chamberland and Kyungjoo Noh and Patricio Arrangoiz-Arriola and Earl T. Campbell and Connor T. Hann and Joseph Iverson and Harald Putterman and Thomas C. Bohdanowicz and Steven T. Flammia and Andrew J. Keller and Gil Refael and John Preskill and Liang Jiang and Amir H. Safavi-Naeini and Oskar J. Painter and Fernando G. S. L. Brand{\~a}o},
	journal={arXiv: Quantum Physics},
	year={2020}
}

@article{Holmes2020NISQBQ,
	title={NISQ+: Boosting quantum computing power by approximating quantum error correction},
	author={Adam Holmes and Mohammad Reza Jokar and Ghasem Pasandi and Yongshan Ding and Massoud Pedram and Frederic T. Chong},
	journal={2020 ACM/IEEE 47th Annual International Symposium on Computer Architecture (ISCA)},
	year={2020},
	pages={556-569}
}

@article{Preskill2018QuantumCI,
	title={Quantum Computing in the NISQ era and beyond},
	author={John Preskill},
	journal={Quantum},
	year={2018}
}

@article{Ying2018ReasoningAP,
  title={Reasoning about Parallel Quantum Programs},
  author={Mingsheng Ying and Yangjia Li},
  journal={ArXiv},
  year={2018},
  volume={abs/1810.11334}
}

@inproceedings{Chadha2006ReasoningAI,
  title={Reasoning About Imperative Quantum Programs},
  author={Rohit Chadha and Paulo Mateus and Am{\'i}lcar Sernadas},
  booktitle={MFPS},
  year={2006}
}

@article{Fowler2012SurfaceCT,
  title={Surface codes: Towards practical large-scale quantum computation},
  author={Austin G. Fowler and Matteo Mariantoni and John M. Martinis and Andrew N Cleland},
  journal={Physical Review A},
  year={2012},
  volume={86},
  pages={032324}
}

@article{Chao2019FlagFE,
  title={Flag Fault-Tolerant Error Correction for any Stabilizer Code},
  author={Rui Chao and Ben Reichardt},
  journal={arXiv: Quantum Physics},
  year={2019}
}

@article{Noh2020FaulttolerantBQ,
  title={Fault-tolerant bosonic quantum error correction with the surface–Gottesman-Kitaev-Preskill code},
  author={Kyungjoo Noh and Christopher Chamberland},
  journal={Physical Review A},
  year={2020},
  volume={101},
  pages={012316}
}

@article{Lao2020FaulttolerantQE,
  title={Fault-tolerant quantum error correction on near-term quantum processors using flag and bridge qubits},
  author={Lingling Lao and Carmen Garcia Almudever},
  journal={Physical Review A},
  year={2020},
  volume={101},
  pages={032333}
}

@article{Chamberland2020TopologicalAS,
  title={Topological and Subsystem Codes on Low-Degree Graphs with Flag Qubits},
  author={Christopher Chamberland and Guanyu Zhu and Theodore J. Yoder and Jared B. Hertzberg and Andrew W. Cross},
  journal={Physical Review X},
  year={2020},
  volume={10}
}

@article{Selinger2004TowardsAQ,
  title={Towards a quantum programming language},
  author={Peter Selinger},
  journal={Mathematical Structures in Computer Science},
  year={2004},
  volume={14},
  pages={527 - 586}
}

@inproceedings{Kakutani2009ALF,
  title={A Logic for Formal Verification of Quantum Programs},
  author={Yoshihiko Kakutani},
  booktitle={ASIAN},
  year={2009}
}

@article{Li2020ProjectionbasedRA,
  title={Projection-based runtime assertions for testing and debugging Quantum programs},
  author={Gushu Li and Li Zhou and Nengkun Yu and Yufei Ding and Mingsheng Ying and Yuan Xie},
  journal={Proceedings of the ACM on Programming Languages},
  year={2020},
  volume={4},
  pages={1 - 29}
}

@article{Zhou2019AnAQ,
  title={An applied quantum Hoare logic},
  author={Li Zhou and Nengkun Yu and Mingsheng Ying},
  journal={Proceedings of the 40th ACM SIGPLAN Conference on Programming Language Design and Implementation},
  year={2019}
}

@article{Unruh2019QuantumHL,
  title={Quantum Hoare Logic with Ghost Variables},
  author={Dominique Unruh},
  journal={2019 34th Annual ACM/IEEE Symposium on Logic in Computer Science (LICS)},
  year={2019},
  pages={1-13}
}

@article{Fowler2015MinimumWP,
  title={Minimum weight perfect matching of fault-tolerant topological quantum error correction in average O(1) parallel time},
  author={Austin G. Fowler},
  journal={Quantum Inf. Comput.},
  year={2015},
  volume={15},
  pages={145-158}
}

@article{Horsman2012SurfaceCQ,
  title={Surface code quantum computing by lattice surgery},
  author={Clare Horsman and Austin G. Fowler and Simon J. Devitt and Rodney Van Meter},
  journal={New Journal of Physics},
  year={2012},
  volume={14},
  pages={123011}
}

@article{Yu2021QuantumAI,
  title={Quantum abstract interpretation},
  author={Nengkun Yu and Jens Palsberg},
  journal={Proceedings of the 42nd ACM SIGPLAN International Conference on Programming Language Design and Implementation},
  year={2021}
}

@article{Feng2021VerificationOD,
  title={Verification of Distributed Quantum Programs},
  author={Yuan Feng and Sanjiang Li and Mingsheng Ying},
  journal={ArXiv},
  year={2021},
  volume={abs/2104.14796}
}

@article{Birkhoff1936TheLO,
  title={The Logic of Quantum Mechanics},
  author={Garrett Birkhoff and John von Neumann},
  journal={Annals of Mathematics},
  year={1936},
  volume={37},
  pages={1-26}
}

@article{Gottesman1997StabilizerCA,
  title={Stabilizer Codes and Quantum Error Correction},
  author={Daniel Gottesman},
  journal={arXiv: Quantum Physics},
  year={1997}
}