
% related boundary attack
@article{brendel2017decision,
  title={Decision-based adversarial attacks: Reliable attacks against black-box machine learning models},
  author={Brendel, Wieland and Rauber, Jonas and Bethge, Matthias},
  journal={arXiv preprint arXiv:1712.04248},
  year={2017}
}
@inproceedings{chaowei2018characterizing,
    title={Characterizing Adversarial Examples Based on Spatial Consistency Information for Semantic Segmentation},
    author={Chaowei Xiao, Duizhi Deng, Bo Li, Fisher Yu, Jinfeng Yi, Mingyan Liu and Dawn Song},
    booktitle={ECCV},
    year={2018}
}
@inproceedings{warren2018decision,
    title={Decision Boundary Analysis of Adversarial Examples},
    author={Warren He, Bo Li and Dawn Song},
    booktitle={ICLR},
    year={2018}
}
@inproceedings{chaowei2018spatially,
    title={Spatially Transformed Adversarial Examples},
    author={Chaowei Xiao, Jun-Yan Zhu, Bo Li, Warren He, Mingyan Liu, and Dawn Song},
    booktitle={ICLR},
    year={2018}
}
@article{chen2019hopskipjumpattack,
  title={Hopskipjumpattack: A query-efficient decision-based attack},
  author={Chen, Jianbo and Jordan, Michael I and Wainwright, Martin J},
  journal={arXiv preprint arXiv:1904.02144},
  year={2019}
}

@article{guo2018low,
  title={Low frequency adversarial perturbation},
  author={Guo, Chuan and Frank, Jared S and Weinberger, Kilian Q},
  journal={arXiv preprint arXiv:1809.08758},
  year={2018}
}

@article{wallace1992jpeg,
  title={The JPEG still picture compression standard},
  author={Wallace, Gregory K},
  journal={IEEE transactions on consumer electronics},
  volume={38},
  number={1},
  pages={xviii--xxxiv},
  year={1992},
  publisher={IEEE}
}

@inproceedings{tu2019autozoom,
  title={Autozoom: Autoencoder-based zeroth order optimization method for attacking black-box neural networks},
  author={Tu, Chun-Chen and Ting, Paishun and Chen, Pin-Yu and Liu, Sijia and Zhang, Huan and Yi, Jinfeng and Hsieh, Cho-Jui and Cheng, Shin-Ming},
  booktitle={Proceedings of the AAAI Conference on Artificial Intelligence},
  volume={33},
  pages={742--749},
  year={2019}
}

@inproceedings{brunner2019guessing,
  title={Guessing smart: Biased sampling for efficient black-box adversarial attacks},
  author={Brunner, Thomas and Diehl, Frederik and Le, Michael Truong and Knoll, Alois},
  booktitle={Proceedings of the IEEE International Conference on Computer Vision},
  pages={4958--4966},
  year={2019}
}

@article{srinivasan2019black,
  title={Black-Box Decision based Adversarial Attack with Symmetric alpha-stable Distribution},
  author={Srinivasan, Vignesh and Kuruoglu, Ercan E and M{\"u}ller, Klaus-Robert and Samek, Wojciech and Nakajima, Shinichi},
  journal={arXiv preprint arXiv:1904.05586},
  year={2019}
}

@article{cheng2018query,
  title={Query-efficient hard-label black-box attack: An optimization-based approach},
  author={Cheng, Minhao and Le, Thong and Chen, Pin-Yu and Yi, Jinfeng and Zhang, Huan and Hsieh, Cho-Jui},
  journal={arXiv preprint arXiv:1807.04457},
  year={2018}
}

@article{ilyas2018black,
  title={Black-box adversarial attacks with limited queries and information},
  author={Ilyas, Andrew and Engstrom, Logan and Athalye, Anish and Lin, Jessy},
  journal={arXiv preprint arXiv:1804.08598},
  year={2018}
}

@article{khalid2019red,
  title={RED-Attack: Resource Efficient Decision based Attack for Machine Learning},
  author={Khalid, Faiq and Ali, Hassan and Hanif, Muhammad Abdullah and Rehman, Semeen and Ahmed, Rehan and Shafique, Muhammad},
  journal={arXiv preprint arXiv:1901.10258},
  year={2019}
}

@article{liu2019geometry,
  title={A geometry-inspired decision-based attack},
  author={Liu, Yujia and Moosavi-Dezfooli, Seyed-Mohsen and Frossard, Pascal},
  journal={arXiv preprint arXiv:1903.10826},
  year={2019}
}

@inproceedings{dong2019efficient,
  title={Efficient Decision-based Black-box Adversarial Attacks on Face Recognition},
  author={Dong, Yinpeng and Su, Hang and Wu, Baoyuan and Li, Zhifeng and Liu, Wei and Zhang, Tong and Zhu, Jun},
  booktitle={Proceedings of the IEEE Conference on Computer Vision and Pattern Recognition},
  pages={7714--7722},
  year={2019}
}

@misc{facepp-partner,
  author = {MEGVII},
  title = {Selected Cases},
  howpublished = "{https://megvii.com/selected\_cases}" 
}

@misc{facepp-compare-api,
  author = {MEGVII},
  title = {Facial Recognition Compare API},
  howpublished = "{https://console.faceplusplus.com/documents/5679308}"
}

@misc{azure-detect-api,
  author = {Microsoft},
  title = {FaceOperations class detect\_with\_stream},
  howpublished = "{https://tinyurl.com/t7ulxvx}"
}

@misc{azure-verify-api,
  author = {Microsoft},
  title = {FaceOperations class verify\_face\_to\_face},
  howpublished = "{https://tinyurl.com/rlcayd2}"
}

% intro
@inproceedings{ren2015faster,
  title={Faster r-cnn: Towards real-time object detection with region proposal networks},
  author={Ren, Shaoqing and He, Kaiming and Girshick, Ross and Sun, Jian},
  booktitle={Advances in neural information processing systems},
  pages={91--99},
  year={2015}
}

@article{chen2018rise,
  title={The rise of deep learning in drug discovery},
  author={Chen, Hongming and Engkvist, Ola and Wang, Yinhai and Olivecrona, Marcus and Blaschke, Thomas},
  journal={Drug discovery today},
  volume={23},
  number={6},
  pages={1241--1250},
  year={2018},
  publisher={Elsevier}
}

@article{lenz2015deep,
  title={Deep learning for detecting robotic grasps},
  author={Lenz, Ian and Lee, Honglak and Saxena, Ashutosh},
  journal={The International Journal of Robotics Research},
  volume={34},
  number={4-5},
  pages={705--724},
  year={2015},
  publisher={SAGE Publications Sage UK: London, England}
}

@inproceedings{chen2015deepdriving,
  title={Deepdriving: Learning affordance for direct perception in autonomous driving},
  author={Chen, Chenyi and Seff, Ari and Kornhauser, Alain and Xiao, Jianxiong},
  booktitle={Proceedings of the IEEE International Conference on Computer Vision},
  pages={2722--2730},
  year={2015}
}

@article{richter2019open,
  title={Open-sourced reinforcement learning environments for surgical robotics},
  author={Richter, Florian and Orosco, Ryan K and Yip, Michael C},
  journal={arXiv preprint arXiv:1903.02090},
  year={2019}
}

@misc{mlsurgicalrobotics,
  author = {Kumba Sennaar},
  title = {Machine Learning in Surgical Robotics â€“ 4 Applications That Matter},
  howpublished = "{https://emerj.com/ai-sector-overviews/machine-learning-in-surgical-robotics-4-applications/}" 
}

@article{eykholt2017robust,
  title={Robust physical-world attacks on deep learning models},
  author={Eykholt, Kevin and Evtimov, Ivan and Fernandes, Earlence and Li, Bo and Rahmati, Amir and Xiao, Chaowei and Prakash, Atul and Kohno, Tadayoshi and Song, Dawn},
  journal={arXiv preprint arXiv:1707.08945},
  year={2017}
}

@article{goodfellow2014explaining,
  title={Explaining and harnessing adversarial examples},
  author={Goodfellow, Ian J and Shlens, Jonathon and Szegedy, Christian},
  journal={arXiv preprint arXiv:1412.6572},
  year={2014}
}

@inproceedings{carlini2017towards,
  title={Towards evaluating the robustness of neural networks},
  author={Carlini, Nicholas and Wagner, David},
  booktitle={2017 IEEE Symposium on Security and Privacy (SP)},
  pages={39--57},
  year={2017},
  organization={IEEE}
}

@article{madry2017towards,
  title={Towards deep learning models resistant to adversarial attacks},
  author={Madry, Aleksander and Makelov, Aleksandar and Schmidt, Ludwig and Tsipras, Dimitris and Vladu, Adrian},
  journal={arXiv preprint arXiv:1706.06083},
  year={2017}
}

@article{wold1987principal,
  title={Principal component analysis},
  author={Wold, Svante and Esbensen, Kim and Geladi, Paul},
  journal={Chemometrics and intelligent laboratory systems},
  volume={2},
  number={1-3},
  pages={37--52},
  year={1987},
  publisher={Elsevier}
}

@inproceedings{deng2009imagenet,
  title={Imagenet: A large-scale hierarchical image database},
  author={Deng, Jia and Dong, Wei and Socher, Richard and Li, Li-Jia and Li, Kai and Fei-Fei, Li},
  booktitle={2009 IEEE conference on computer vision and pattern recognition},
  pages={248--255},
  year={2009},
  organization={Ieee}
}

@article{liu2018large,
  title={Large-scale celebfaces attributes (celeba) dataset},
  author={Liu, Ziwei and Luo, Ping and Wang, Xiaogang and Tang, Xiaoou}
}

@article{ilyas2018prior,
  title={Prior convictions: Black-box adversarial attacks with bandits and priors},
  author={Ilyas, Andrew and Engstrom, Logan and Madry, Aleksander},
  journal={arXiv preprint arXiv:1807.07978},
  year={2018}
}

@book{spath1993two,
  title={Two dimensional spline interpolation algorithms},
  author={Sp{\"a}th, Helmuth},
  year={1993},
  publisher={CRC Press}
}

@article{ahmed1974discrete,
  title={Discrete cosine transform},
  author={Ahmed, Nasir and Natarajan, T\_ and Rao, Kamisetty R},
  journal={IEEE transactions on Computers},
  volume={100},
  number={1},
  pages={90--93},
  year={1974},
  publisher={IEEE}
}


@article{halko2011finding,
  title={Finding structure with randomness: Probabilistic algorithms for constructing approximate matrix decompositions},
  author={Halko, Nathan and Martinsson, Per-Gunnar and Tropp, Joel A},
  journal={SIAM review},
  volume={53},
  number={2},
  pages={217--288},
  year={2011},
  publisher={SIAM}
}

@inproceedings{he2016deep,
  title={Deep residual learning for image recognition},
  author={He, Kaiming and Zhang, Xiangyu and Ren, Shaoqing and Sun, Jian},
  booktitle={Proceedings of the IEEE conference on computer vision and pattern recognition},
  pages={770--778},
  year={2016}
}

@inproceedings{huang2017densely,
  title={Densely connected convolutional networks},
  author={Huang, Gao and Liu, Zhuang and Van Der Maaten, Laurens and Weinberger, Kilian Q},
  booktitle={Proceedings of the IEEE conference on computer vision and pattern recognition},
  pages={4700--4708},
  year={2017}
}

@article{simonyan2014very,
  title={Very deep convolutional networks for large-scale image recognition},
  author={Simonyan, Karen and Zisserman, Andrew},
  journal={arXiv preprint arXiv:1409.1556},
  year={2014}
}

@article{zagoruyko2016wide,
  title={Wide residual networks},
  author={Zagoruyko, Sergey and Komodakis, Nikos},
  journal={arXiv preprint arXiv:1605.07146},
  year={2016}
}

@inproceedings{szegedy2015going,
  title={Going deeper with convolutions},
  author={Szegedy, Christian and Liu, Wei and Jia, Yangqing and Sermanet, Pierre and Reed, Scott and Anguelov, Dragomir and Erhan, Dumitru and Vanhoucke, Vincent and Rabinovich, Andrew},
  booktitle={Proceedings of the IEEE conference on computer vision and pattern recognition},
  pages={1--9},
  year={2015}
}

@article{xiao2018generating,
  title={Generating adversarial examples with adversarial networks},
  author={Xiao, Chaowei and Li, Bo and Zhu, Jun-Yan and He, Warren and Liu, Mingyan and Song, Dawn},
  journal={arXiv preprint arXiv:1801.02610},
  year={2018}
}