@inproceedings{batchNormPaper,
  author    = {Sergey Ioffe and
               Christian Szegedy},
  title     = {{Batch Normalization: Accelerating Deep Network Training by Reducing
                 Internal Covariate Shift}},
  booktitle = {Proceedings of the 32nd International Conference on Machine Learning,
               {ICML} 2015, Lille, France, 6-11 July 2015},
  series    = {{JMLR} Workshop and Conference Proceedings},
  volume    = {37},
  pages     = {448--456},
  year      = {2015},
  timestamp = {Wed, 29 May 2019 08:41:45 +0200},
  biburl    = {https://dblp.org/rec/conf/icml/IoffeS15.bib},
  bibsource = {dblp computer science bibliography, https://dblp.org}
}

@misc{pisgoogle,
    author = {Mihaela Ion and Ben Kreuter and Ahmet Erhan Nergiz and Sarvar Patel and Mariana Raykova and Shobhit Saxena and Karn Seth and David Shanahan and Moti Yung},
    title = {{On Deploying Secure Computing Commercially: Private Intersection-Sum Protocols and their Business Applications}},
    howpublished = {Cryptology ePrint Archive, Report 2019/723},
    year = {2019},
    note = {\url{https://eprint.iacr.org/2019/723}},
}

@inproceedings{tflite,
  author    = {Benoit Jacob and
               Skirmantas Kligys and
               Bo Chen and
               Menglong Zhu and
               Matthew Tang and
               Andrew G. Howard and
               Hartwig Adam and
               Dmitry Kalenichenko},
  title     = {{Quantization and Training of Neural Networks for Efficient Integer-Arithmetic-Only
                 Inference}},
  booktitle = {2018 {IEEE} Conference on Computer Vision and Pattern Recognition,
               {CVPR} 2018, Salt Lake City, UT, USA, June 18-22, 2018},
  pages     = {2704--2713},
  year      = {2018},
  timestamp = {Wed, 16 Oct 2019 14:14:50 +0200},
  biburl    = {https://dblp.org/rec/conf/cvpr/JacobKCZTHAK18.bib},
  bibsource = {dblp computer science bibliography, https://dblp.org}
}

@inproceedings{gazelle,
  author    = {Chiraag Juvekar and
               Vinod Vaikuntanathan and
               Anantha Chandrakasan},
  title     = {{GAZELLE: A Low Latency Framework for Secure Neural Network Inference}},
  booktitle = {27th {USENIX} Security Symposium, {USENIX} Security 2018, Baltimore,
               MD, USA, August 15-17, 2018},
  pages     = {1651--1669},
  year      = {2018},
  timestamp = {Mon, 20 Aug 2018 15:16:57 +0200},
  biburl    = {https://dblp.org/rec/conf/uss/JuvekarVC18.bib},
  bibsource = {dblp computer science bibliography, https://dblp.org}
}

@inproceedings{krrw18,
  author    = {Jonathan Katz and
               Samuel Ranellucci and
               Mike Rosulek and
               Xiao Wang},
  title     = {{Optimizing Authenticated Garbling for Faster Secure Two-Party Computation}},
  booktitle = {Advances in Cryptology - {CRYPTO} 2018 - 38th Annual International
               Cryptology Conference, Santa Barbara, CA, USA, August 19-23, 2018,
               Proceedings, Part {III}},
  pages     = {365--391},
  year      = {2018}
}

@inproceedings{ndss2,
  author    = {Patrick Koeberl and
               Vinay Phegade and
               Anand Rajan and
               Thomas Schneider and
               Steffen Schulz and
               Maria Zhdanova},
  title     = {{Time to Rethink: Trust Brokerage Using Trusted Execution Environments}},
  booktitle = {Trust and Trustworthy Computing - 8th International Conference, {TRUST}
               2015, Heraklion, Greece, August 24-26, 2015, Proceedings},
  pages     = {181--190},
  year      = {2015},
}

@inproceedings{krtwpsi,
  author    = {Vladimir Kolesnikov and
               Mike Rosulek and
               Ni Trieu and
               Xiao Wang},
  title     = {{Scalable Private Set Union from Symmetric-Key Techniques}},
  booktitle = {Advances in Cryptology - {ASIACRYPT} 2019 - 25th International Conference
               on the Theory and Application of Cryptology and Information Security,
               Kobe, Japan, December 8-12, 2019, Proceedings, Part {II}},
  pages     = {636--666},
  year      = {2019},
  timestamp = {Fri, 22 Nov 2019 13:57:40 +0100},
  biburl    = {https://dblp.org/rec/bib/conf/asiacrypt/KolesnikovRT019},
  bibsource = {dblp computer science bibliography, https://dblp.org}
}

@inproceedings{lenet,
    author = {Yann Lecun and LÃ©on Bottou and Yoshua Bengio and Patrick Haffner},
    title = {{Gradient-based learning applied to document recognition}},
    booktitle = {Proceedings of the IEEE},
    year = {1998},
    pages = {2278--2324}
}

@inproceedings{oblivm,
  author    = {Chang Liu and
               Xiao Shaun Wang and
               Kartik Nayak and
               Yan Huang and
               Elaine Shi},
  title     = {{ObliVM: A Programming Framework for Secure Computation}},
  booktitle = {2015 {IEEE} Symposium on Security and Privacy, {S\&P} 2015, San Jose,
               CA, USA, May 17-21, 2015},
  pages     = {359--376},
  year      = {2015},
  timestamp = {Fri, 26 May 2017 00:50:06 +0200},
  biburl    = {http://dblp.uni-trier.de/rec/bib/conf/sp/LiuWNHS15},
  bibsource = {dblp computer science bibliography, http://dblp.org}
}

@inproceedings{minionn,
  author    = {Jian Liu and
               Mika Juuti and
               Yao Lu and
               N. Asokan},
  title     = {{Oblivious Neural Network Predictions via MiniONN Transformations}},
  booktitle = {Proceedings of the 2017 {ACM} {SIGSAC} Conference on Computer and
               Communications Security, {CCS} 2017, Dallas, TX, USA, October 30 -
               November 03, 2017},
  pages     = {619--631},
  year      = {2017},
  timestamp = {Tue, 06 Nov 2018 11:07:30 +0100},
  biburl    = {https://dblp.org/rec/conf/ccs/LiuJLA17.bib},
  bibsource = {dblp computer science bibliography, https://dblp.org}
}

@inproceedings{fairplay,
  author    = {Dahlia Malkhi and
               Noam Nisan and
               Benny Pinkas and
               Yaron Sella},
  title     = {{Fairplay - Secure Two-Party Computation System}},
  booktitle = {Proceedings of the 13th {USENIX} Security Symposium, August 9-13,
               2004, San Diego, CA, {USA}},
  pages     = {287--302},
  year      = {2004},
  timestamp = {Wed, 14 May 2014 19:33:31 +0200},
  biburl    = {http://dblp.uni-trier.de/rec/bib/conf/uss/MalkhiNPS04},
  bibsource = {dblp computer science bibliography, http://dblp.org}
}

@inproceedings{sml3,
  author    = {Luca Melis and
               Congzheng Song and
               Emiliano De Cristofaro and
               Vitaly Shmatikov},
  title     = {{Exploiting Unintended Feature Leakage in Collaborative Learning}},
  booktitle = {2019 {IEEE} Symposium on Security and Privacy, {S\&P} 2019, San Francisco,
               CA, USA, May 19-23, 2019},
  pages     = {691--706},
  year      = {2019},
}

@inproceedings {delphi,
  author = {Pratyush Mishra and
      Ryan Lehmkuhl and
      Akshayaram Srinivasan and
      Wenting Zheng and 
      Raluca Ada Popa},
  title = {{Delphi: A Cryptographic Inference Service for Neural Networks}},
  booktitle = {29th {USENIX} Security Symposium, {USENIX} Security 20},
  year = {2020},
  address = {Boston, MA},
}

@inproceedings{lambdaps,
  author    = {John C. Mitchell and
               Rahul Sharma and
               Deian Stefan and
               Joe Zimmerman},
  title     = {{Information-Flow Control for Programming on Encrypted Data}},
  booktitle = {25th {IEEE} Computer Security Foundations Symposium, {CSF} 2012, Cambridge,
               MA, USA, June 25-27, 2012},
  pages     = {45--60},
  year      = {2012},
  timestamp = {Wed, 16 Oct 2019 14:14:49 +0200},
  biburl    = {https://dblp.org/rec/conf/csfw/Mitchell0SZ12.bib},
  bibsource = {dblp computer science bibliography, https://dblp.org}
}

@inproceedings{aby3,
  author    = {Payman Mohassel and
               Peter Rindal},
  title     = {{ABY}\({}^{\mbox{3}}\): {A Mixed Protocol Framework for Machine Learning}},
  booktitle = {Proceedings of the 2018 {ACM} {SIGSAC} Conference on Computer and
               Communications Security, {CCS} 2018, Toronto, ON, Canada, October
               15-19, 2018},
  pages     = {35--52},
  year      = {2018}
}

@misc{sml1,
    author = {Payman Mohassel and Mike Rosulek and Ni Trieu},
    title = {{Practical Privacy-Preserving K-means Clustering}},
    howpublished = {Cryptology ePrint Archive, Report 2019/1158},
    year = {2019},
    note = {\url{https://eprint.iacr.org/2019/1158}},
}

@inproceedings{secureml,
  author    = {Payman Mohassel and
               Yupeng Zhang},
  title     = {{SecureML: A System for Scalable Privacy-Preserving Machine Learning}},
  booktitle = {2017 {IEEE} Symposium on Security and Privacy, {S\&P} 2017, San Jose,
               CA, USA, May 22-26, 2017},
  pages     = {19--38},
  year      = {2017},
  timestamp = {Wed, 16 Oct 2019 14:14:51 +0200},
  biburl    = {https://dblp.org/rec/conf/sp/MohasselZ17.bib},
  bibsource = {dblp computer science bibliography, https://dblp.org}
}

@inproceedings{frigate,
  author    = {Benjamin Mood and
               Debayan Gupta and
               Henry Carter and
               Kevin R. B. Butler and
               Patrick Traynor},
  title     = {{Frigate: A Validated, Extensible, and Efficient Compiler and Interpreter
                 for Secure Computation}},
  booktitle = {{IEEE} European Symposium on Security and Privacy, EuroS{\&}P
               2016, Saarbr{\"{u}}cken, Germany, March 21-24, 2016},
  pages     = {112--127},
  year      = {2016},
  timestamp = {Wed, 16 Oct 2019 14:14:55 +0200},
  biburl    = {https://dblp.org/rec/conf/eurosp/MoodGCBT16.bib},
  bibsource = {dblp computer science bibliography, https://dblp.org}
}

@misc {janakirammsv2017,
    author       = {Janakiram MSV},
    title        = {{Google's Research In Artificial Intelligence Helps In Preventing Blindness Caused by Diabetes}},
    howpublished = {Forbes},
    month        = {sep},
    year         = {2017},
    url = {https://www.forbes.com/sites/janakirammsv/2017/09/05/googles-research-in-artificial-intelligence-helps-in-preventing-blindness-caused-by-diabetes/#17b4f53256e1}
}

@article{qualcom,
  author    = {Markus Nagel and
               Mart van Baalen and
               Tijmen Blankevoort and
               Max Welling},
  title     = {{Data-Free Quantization through Weight Equalization and Bias Correction}},
  journal   = {CoRR},
  volume    = {abs/1906.04721},
  year      = {2019},
  url       = {http://arxiv.org/abs/1906.04721},
}

@inproceedings{smcl,
  author    = {Janus Dam Nielsen and
               Michael I. Schwartzbach},
  title     = {{A domain-specific programming language for secure multiparty computation}},
  booktitle = {Proceedings of the 2007 Workshop on Programming Languages and Analysis
               for Security, {PLAS} 2007, San Diego, California, USA, June 14, 2007},
  pages     = {21--30},
  year      = {2007},
  timestamp = {Fri, 04 Apr 2008 13:24:49 +0200},
  biburl    = {http://dblp.uni-trier.de/rec/bib/conf/pldi/NielsenS07},
  bibsource = {dblp computer science bibliography, http://dblp.org}
}

@inproceedings{valeriaMatrix,
  author    = {Valeria Nikolaenko and
               Stratis Ioannidis and
               Udi Weinsberg and
               Marc Joye and
               Nina Taft and
               Dan Boneh},
  title     = {{Privacy-preserving matrix factorization}},
  booktitle = {2013 {ACM} {SIGSAC} Conference on Computer and Communications Security,
               CCS'13, Berlin, Germany, November 4-8, 2013},
  pages     = {801--812},
  year      = {2013},
  timestamp = {Tue, 06 Nov 2018 11:07:30 +0100},
  biburl    = {https://dblp.org/rec/conf/ccs/NikolaenkoIWJTB13.bib},
  bibsource = {dblp computer science bibliography, https://dblp.org}
}

@inproceedings{valeriaRidge,
  author    = {Valeria Nikolaenko and
               Udi Weinsberg and
               Stratis Ioannidis and
               Marc Joye and
               Dan Boneh and
               Nina Taft},
  title     = {{Privacy-Preserving Ridge Regression on Hundreds of Millions of Records}},
  booktitle = {2013 {IEEE} Symposium on Security and Privacy, {S\&P} 2013, Berkeley,
               CA, USA, May 19-22, 2013},
  pages     = {334--348},  
  year      = {2013},
  timestamp = {Wed, 16 Oct 2019 14:14:51 +0200},
  biburl    = {https://dblp.org/rec/conf/sp/NikolaenkoWIJBT13.bib},
  bibsource = {dblp computer science bibliography, https://dblp.org}
}

@inproceedings{obliviousmpml,
  author    = {Olga Ohrimenko and
               Felix Schuster and
               C{\'{e}}dric Fournet and
               Aastha Mehta and
               Sebastian Nowozin and
               Kapil Vaswani and
               Manuel Costa},
  title     = {{Oblivious Multi-Party Machine Learning on Trusted Processors}},
  booktitle = {25th {USENIX} Security Symposium, {USENIX} Security 16, Austin, TX,
               USA, August 10-12, 2016.},
  pages     = {619--636},
  year      = {2016}
}

@inproceedings{wysteria,
  author    = {Aseem Rastogi and
               Matthew A. Hammer and
               Michael Hicks},
  title     = {{Wysteria: A Programming Language for Generic, Mixed-Mode Multiparty
                 Computations}},
  booktitle = {2014 {IEEE} Symposium on Security and Privacy, {S\&P} 2014, Berkeley,
               CA, USA, May 18-21, 2014},
  pages     = {655--670},
  year      = {2014}
}

@inproceedings{xonn,
  author    = {M. Sadegh Riazi and
               Mohammad Samragh and
               Hao Chen and
               Kim Laine and
               Kristin E. Lauter and
               Farinaz Koushanfar},
  title     = {{XONN: XNOR-based Oblivious Deep Neural Network Inference}},
  booktitle = {28th {USENIX} Security Symposium, {USENIX} Security 2019, Santa Clara,
               CA, USA, August 14-16, 2019},
  pages     = {1501--1518},
  year      = {2019},
  timestamp = {Tue, 03 Sep 2019 16:39:56 +0200},
  biburl    = {https://dblp.org/rec/conf/uss/RiaziS0LLK19.bib},
  bibsource = {dblp computer science bibliography, https://dblp.org}
}

@inproceedings{chameleon,
  author    = {M. Sadegh Riazi and
               Christian Weinert and
               Oleksandr Tkachenko and
               Ebrahim M. Songhori and
               Thomas Schneider and
               Farinaz Koushanfar},
  title     = {{Chameleon: A Hybrid Secure Computation Framework for Machine Learning
                 Applications}},
  booktitle = {Proceedings of the 2018 on Asia Conference on Computer and Communications
               Security, AsiaCCS 2018, Incheon, Republic of Korea, June 04-08, 2018},
  pages     = {707--721},
  year      = {2018},
  doi       = {10.1145/3196494.3196522},
  timestamp = {Sat, 19 Oct 2019 20:06:18 +0200},
  biburl    = {https://dblp.org/rec/conf/ccs/RiaziWTS0K18.bib},
  bibsource = {dblp computer science bibliography, https://dblp.org}
}

@article{pysyft,
  author    = {Theo Ryffel and
               Andrew Trask and
               Morten Dahl and
               Bobby Wagner and
               Jason Mancuso and
               Daniel Rueckert and
               Jonathan Passerat{-}Palmbach},
  title     = {{A generic framework for privacy preserving deep learning}},
  journal   = {CoRR},
  volume    = {abs/1811.04017},
  year      = {2018},
  url       = {http://arxiv.org/abs/1811.04017},
  archivePrefix = {arXiv},
  eprint    = {1811.04017},
  timestamp = {Fri, 23 Nov 2018 12:43:51 +0100},
  biburl    = {https://dblp.org/rec/journals/corr/abs-1811-04017.bib},
  bibsource = {dblp computer science bibliography, https://dblp.org}
}

@inproceedings{vc3,
  author    = {Felix Schuster and
               Manuel Costa and
               C{\'{e}}dric Fournet and
               Christos Gkantsidis and
               Marcus Peinado and
               Gloria Mainar{-}Ruiz and
               Mark Russinovich},
  title     = {{VC3: Trustworthy Data Analytics in the Cloud Using SGX}},
  booktitle = {2015 {IEEE} Symposium on Security and Privacy, {S\&P} 2015, San Jose,
               CA, USA, May 17-21, 2015},
  pages     = {38--54},
  year      = {2015}
}

@misc{codedprivateml,
    author = {Jinhyun So and Basak Guler and A. Salman Avestimehr and Payman Mohassel},
    title = {{CodedPrivateML: A Fast and Privacy-Preserving Framework for Distributed Machine Learning}},
    howpublished = {Cryptology ePrint Archive, Report 2019/140},
    year = {2019},
    note = {\url{https://eprint.iacr.org/2019/140}},
}

@misc{tensorflowbroadcasting,
title={{Broadcasting semantics}},
author={TensorFlow},
howpublished = {\url{https://www.tensorflow.org/xla/broadcasting}},
year={2018}
}

@inproceedings{slalom,
  author    = {Florian Tram{\`{e}}r and
               Dan Boneh},
  title     = {{Slalom: Fast, Verifiable and Private Execution of Neural Networks
                 in Trusted Hardware}},
  booktitle = {7th International Conference on Learning Representations, {ICLR} 2019,
               New Orleans, LA, USA, May 6-9, 2019},
  year      = {2019},
}

@inproceedings{sealedglass,
  author    = {Florian Tram{\`{e}}r and
               Fan Zhang and
               Huang Lin and
               Jean{-}Pierre Hubaux and
               Ari Juels and
               Elaine Shi},
  title     = {{Sealed-Glass Proofs: Using Transparent Enclaves to Prove and Sell
                 Knowledge}},
  booktitle = {2017 {IEEE} European Symposium on Security and Privacy, EuroS{\&}P
               2017, Paris, France, April 26-28, 2017},
  pages     = {19--34},
  year      = {2017}
}

@article{securenn,
  author    = {Sameer Wagh and
               Divya Gupta and
               Nishanth Chandran},
  title     = {{SecureNN: 3-Party Secure Computation for Neural Network Training}},
  journal   = {PoPETs},
  volume    = {2019},
  number    = {3},
  pages     = {26--49},
  year      = {2019},
  timestamp = {Mon, 05 Aug 2019 17:10:44 +0200},
  biburl    = {https://dblp.org/rec/journals/popets/WaghGC19.bib},
  bibsource = {dblp computer science bibliography, https://dblp.org}
}

@inproceedings{wrk17,
  author    = {Xiao Wang and
               Samuel Ranellucci and
               Jonathan Katz},
  title     = {{Authenticated Garbling and Efficient Maliciously Secure Two-Party
                 Computation}},
  booktitle = {Proceedings of the 2017 {ACM} {SIGSAC} Conference on Computer and
               Communications Security, {CCS} 2017, Dallas, TX, USA, October 30 -
               November 03, 2017},
  pages     = {21--37},
  year      = {2017}
}

@inproceedings{wrk17b,
  author    = {Xiao Wang and
               Samuel Ranellucci and
               Jonathan Katz},
  title     = {{Global-Scale Secure Multiparty Computation}},
  booktitle = {Proceedings of the 2017 {ACM} {SIGSAC} Conference on Computer and
               Communications Security, {CCS} 2017, Dallas, TX, USA, October 30 -
               November 03, 2017},
  pages     = {39--56},
  year      = {2017}
}

@inproceedings{yao,
  author    = {Andrew Chi{-}Chih Yao},
  title     = {{How to Generate and Exchange Secrets (Extended Abstract)}},
  booktitle = {27th Annual Symposium on Foundations of Computer Science, Toronto,
               Canada, 27-29 October 1986},
  pages     = {162--167},
  publisher = {{IEEE} Computer Society},
  year      = {1986},
  doi       = {10.1109/SFCS.1986.25},
  timestamp = {Wed, 16 Oct 2019 14:14:54 +0200},
  biburl    = {https://dblp.org/rec/conf/focs/Yao86.bib},
  bibsource = {dblp computer science bibliography, https://dblp.org}
}

@inproceedings{opaque,
  author    = {Wenting Zheng and
               Ankur Dave and
               Jethro G. Beekman and
               Raluca Ada Popa and
               Joseph E. Gonzalez and
               Ion Stoica},
  title     = {{Opaque: An Oblivious and Encrypted Distributed Analytics Platform}},
  booktitle = {14th {USENIX} Symposium on Networked Systems Design and Implementation,
               {NSDI} 2017, Boston, MA, USA, March 27-29, 2017},
  pages     = {283--298},
  year      = {2017},
}

@inproceedings{helen,
  author    = {Wenting Zheng and
               Raluca Ada Popa and
               Joseph E. Gonzalez and
               Ion Stoica},
  title     = {{Helen: Maliciously Secure Coopetitive Learning for Linear Models}},
  booktitle = {2019 {IEEE} Symposium on Security and Privacy, {S\&P} 2019, San Francisco,
               CA, USA, May 19-23, 2019},
  pages     = {724--738},
  year      = {2019},
}

@article{lungdisease,
  author = {Xiaoyong Zhu and
              George Iordanescu and 
              Ilia Karmanov and
              Mazen Zawaideh},
  howpublished = {\url{https://blogs.technet.microsoft.com/machinelearning/2018/03/07/using-microsoft-ai-to-build-a-lung-disease-prediction-model-using-chest-x-ray-images/}},
  title = {{Using Microsoft AI to Build a Lung-Disease Prediction Model Using Chest X-Ray Images}},
  year = 2018
}

@inproceedings{astraccsw,
  author    = {Harsh Chaudhari and
               Ashish Choudhury and
               Arpita Patra and
               Ajith Suresh},
  title     = {{ASTRA: High Throughput 3PC over Rings with Application to Secure
                 Prediction}},
  booktitle = {Proceedings of the 2019 {ACM} {SIGSAC} Conference on Cloud Computing
               Security Workshop, CCSW@CCS 2019, London, UK, November 11, 2019},
  pages     = {81--92},
  year      = {2019},
  timestamp = {Sun, 10 Nov 2019 15:02:41 +0100},
  biburl    = {https://dblp.org/rec/conf/ccs/ChaudhariCPS19.bib},
  bibsource = {dblp computer science bibliography, https://dblp.org}
}

@inproceedings{trident,
  author = {Harsh Chaudhari  and Rahul Rachuri and Ajith Suresh},
  title = {{Trident: Efficient 4PC Framework for Privacy Preserving Machine Learning}},
  booktitle = {27th Annual Network and Distributed System Security Symposium, {NDSS}
               2020, San Diego, California, USA, February 23-26, 2020},
  year      = {2020},
}


@misc{astraeprint,
    author = {Harsh Chaudhari and Ashish Choudhury and Arpita Patra and Ajith Suresh},
    title = {{ASTRA: High Throughput 3PC over Rings with Application to Secure Prediction}},
    howpublished = {Cryptology ePrint Archive, Report 2019/429},
    year = {2019},
    note = {\url{https://eprint.iacr.org/2019/429}},
}

@misc{mpspdz,
  author = {Marcel Keller},
  year = {2019},
  title = {{Multi-Protocol SPDZ: Versatile framework for multi-party computation}},
  url = "https://github.com/data61/MP-SPDZ"
} 

@misc{chestxray2018, 
  url={https://blogs.technet.microsoft.com/machinelearning/2018/03/07/using-microsoft-ai-to-build-a-lung-disease-prediction-model-using-chest-x-ray-images/}, 
  publisher={Microsoft}, 
  author={Zhu, Xiaoyong and Iordanescu, George and Karmanov, Ilia and Zawaideh, Mazen}, 
  year={2018}, 
  month={Mar}
}

