@misc{tfGraphTransformTool,
title={{T}ensor{F}low {G}raph {T}ransform {T}ool},
author={},
howpublished = {\url{https://github.com/tensorflow/tensorflow/blob/master/tensorflow/tools/graph_transforms/README.md}},
year={}
}

@misc{kttf,
title={{K}eras to {T}ensor{F}low},
author={},
howpublished = {\url{https://github.com/amir-abdi/keras_to_tensorflow}},
year={2019}
}

@misc{securenncode,
  title = {{S}ecure{NN}: 3-{P}arty {S}ecure {C}omputation for {N}eural {N}etwork {T}raining},
  year = {2019},
  publisher = {GitHub},
  journal = {GitHub repository},
  howpublished = {\url{https://github.com/snwagh/securenn-public}}
}

@article{tensorflow,
  author    = {Mart{\'{\i}}n Abadi and
               Ashish Agarwal and
               Paul Barham and
               Eugene Brevdo and
               Zhifeng Chen and
               Craig Citro and
               Gregory S. Corrado and
               Andy Davis and
               Jeffrey Dean and
               Matthieu Devin and
               Sanjay Ghemawat and
               Ian J. Goodfellow and
               Andrew Harp and
               Geoffrey Irving and
               Michael Isard and
               Yangqing Jia and
               Rafal J{\'{o}}zefowicz and
               Lukasz Kaiser and
               Manjunath Kudlur and
               Josh Levenberg and
               Dan Man{\'{e}} and
               Rajat Monga and
               Sherry Moore and
               Derek Gordon Murray and
               Chris Olah and
               Mike Schuster and
               Jonathon Shlens and
               Benoit Steiner and
               Ilya Sutskever and
               Kunal Talwar and
               Paul A. Tucker and
               Vincent Vanhoucke and
               Vijay Vasudevan and
               Fernanda B. Vi{\'{e}}gas and
               Oriol Vinyals and
               Pete Warden and
               Martin Wattenberg and
               Martin Wicke and
               Yuan Yu and
               Xiaoqiang Zheng},
  title     = {{T}ensor{F}low: {L}arge-{S}cale {M}achine {L}earning on {H}eterogeneous {D}istributed
	  	{S}ystems},
  journal   = {CoRR},
  volume    = {abs/1603.04467},
  year      = {2016},
  url       = {https://arxiv.org/abs/1603.04467}
 }

@inproceedings{nitin,
  author    = {Nitin Agrawal and
               Ali Shahin Shamsabadi and
               Matt J. Kusner and
               Adri{\`{a}} Gasc{\'{o}}n},
  title     = {{QUOTIENT:} {T}wo-{P}arty {S}ecure {N}eural {N}etwork {T}raining and {P}rediction},
  booktitle = {Proceedings of the 2019 {ACM} {SIGSAC} Conference on Computer and
               Communications Security, {CCS} 2019, London, UK, November 11-15, 2019},
  pages     = {1231--1247},
  year      = {2019}
}

@book{dragonbook,
 author = {Aho, Alfred V. and Lam, Monica S. and Sethi, Ravi and Ullman, Jeffrey D.},
 title = {Compilers: Principles, Techniques, and Tools (2nd Edition)},
 year = {2006},
 isbn = {0321486811},
 publisher = {Addison-Wesley Longman Publishing Co., Inc.},
 address = {Boston, MA, USA}
} 

@inproceedings{spdzcompiler,
  author    = {Toshinori Araki and
               Assi Barak and
               Jun Furukawa and
               Marcel Keller and
               Yehuda Lindell and
               Kazuma Ohara and
               Hikaru Tsuchida},
  title     = {{G}eneralizing the {SPDZ} {C}ompiler {F}or {O}ther {P}rotocols},
  booktitle = {Proceedings of the 2018 {ACM} {SIGSAC} Conference on Computer and
               Communications Security, {CCS} 2018, Toronto, ON, Canada, October
               15-19, 2018},
  pages     = {880--895},
  year      = {2018}
}

@inproceedings{maliciousprivacy,
  author    = {Toshinori Araki and
               Jun Furukawa and
               Yehuda Lindell and
               Ariel Nof and
               Kazuma Ohara},
  title     = {{H}igh-{T}hroughput {S}emi-{H}onest {S}ecure {T}hree-{P}arty {C}omputation with an
	  	{H}onest {M}ajority},
  booktitle = {Proceedings of the 2016 {ACM} {SIGSAC} Conference on Computer and
               Communications Security, {CCS} 2016, Vienna, Austria, October 24-28, 2016},
  pages     = {805--817},
  year      = {2016}
}

@inproceedings{BahmaniFC17,
  author    = {Raad Bahmani and
               Manuel Barbosa and
               Ferdinand Brasser and
               Bernardo Portela and
               Ahmad{-}Reza Sadeghi and
               Guillaume Scerri and
               Bogdan Warinschi},
  title     = {{S}ecure {M}ultiparty {C}omputation from {SGX}},
  booktitle = {Financial Cryptography and Data Security - 21st International Conference,
               {FC} 2017, Sliema, Malta, April 3-7, 2017, Revised Selected Papers},
  pages     = {477--497},
  year      = {2017}
}

@misc{quantizednn,
    author = {Assi Barak and Daniel Escudero and Anders Dalskov and Marcel Keller},
    title = {{S}ecure {E}valuation of {Q}uantized {N}eural {N}etworks},
    howpublished = {Cryptology ePrint Archive, Report 2019/131},
    year = {2019},
    note = {\url{https://eprint.iacr.org/2019/131}}
}

@inproceedings{beaver,
  author    = {Donald Beaver},
  title     = {{E}fficient {M}ultiparty {P}rotocols {U}sing {C}ircuit {R}andomization},
  booktitle = {Advances in Cryptology - {CRYPTO} '91, 11th Annual International Cryptology
               Conference, Santa Barbara, California, USA, August 11-15, 1991, Proceedings},
  pages     = {420--432},
  year      = {1991},
}

@misc{nhe2,
    author = {Fabian Boemer and Anamaria Costache and Rosario Cammarota and Casimir Wierzynski },
    title = {{nGraph-HE2}: {A} {H}igh-{T}hroughput {F}ramework for {N}eural {N}etwork {I}nference on {E}ncrypted {D}ata},
    howpublished = {Cryptology ePrint Archive, Report 2019/947},
    year = {2019},
    note = {\url{https://eprint.iacr.org/2019/947}},
}

@inproceedings{nhe,
 author = {Boemer, Fabian and Lao, Yixing and Cammarota, Rosario and Wierzynski, Casimir},
 title = {{nGraph-HE}: {A} {G}raph {C}ompiler for {D}eep {L}earning on {H}omomorphically {E}ncrypted {D}ata},
  booktitle = {Proceedings of the 16th {ACM} International Conference on Computing
               Frontiers, {CF} 2019, Alghero, Italy, April 30 - May 2, 2019},
  pages     = {3--13},
  year      = {2019}
} 

@inproceedings{sharemind,
  author    = {Dan Bogdanov and
               Sven Laur and
               Jan Willemson},
  title     = {{S}haremind: {A} {F}ramework for {F}ast {P}rivacy-{P}reserving {C}omputations},
  booktitle = {Computer Security - {ESORICS} 2008, 13th European Symposium on Research
               in Computer Security, M{\'{a}}laga, Spain, October 6-8, 2008.
               Proceedings},
  pages     = {192--206},
  year      = {2008}
}

@inproceedings{shafindss,
  author    = {Raphael Bost and
               Raluca Ada Popa and
               Stephen Tu and
               Shafi Goldwasser},
  title     = {{M}achine {L}earning {C}lassification over {E}ncrypted {D}ata},
  booktitle = {22nd Annual Network and Distributed System Security Symposium, {NDSS}
               2015, San Diego, California, USA, February 8-11, 2015},
  year      = {2015}
}

@article{canetti00,
  author    = {Ran Canetti},
  title     = {{S}ecurity and {C}omposition of {M}ultiparty {C}ryptographic {P}rotocols},
  journal   = {J. Cryptology},
  volume    = {13},
  number    = {1},
  pages     = {143--202},
  year      = {2000},
}

@article{canetti00,
  author    = {Ran Canetti},
  title     = {{S}ecurity and {C}omposition of {M}ultiparty {C}ryptographic {P}rotocols},
  journal   = {J. Cryptology},
  volume    = {13},
  number    = {1},
  pages     = {143--202},
  year      = {2000},
}

@inproceedings{ezpc,
  author    = {Nishanth Chandran and
  		Divya Gupta and
  		Aseem Rastogi and
  		Rahul Sharma and
  		Shardul Tripathi},
  title     = {{EzPC}: {Programmable and Efficient Secure Two-Party Computation for Machine Learning}},
  booktitle = {{IEEE} European Symposium on Security and Privacy, EuroS{\&}P
               2019, Stockholm, Sweden, June 17-19, 2019},
  pages     = {496--511},
  year      = {2019}
}

@inproceedings{gcsgx,
 author = {Choi, Joseph I. and Tian, Dave (Jing) and Hernandez, Grant and Patton, Christopher and Mood, Benjamin and Shrimpton, Thomas and Butler, Kevin R. B. and Traynor, Patrick},
 title = {{A Hybrid Approach to Secure Function Evaluation Using SGX}},
 booktitle = {Proceedings of the 2019 {ACM} Asia Conference on Computer and Communications
               Security, {AsiaCCS} 2019, Auckland, New Zealand, July 09-12, 2019},
  pages     = {100--113},
  year      = {2019}
} 

@inproceedings{gmwpaper,
  author    = {Seung Geol Choi and
               Kyung{-}Wook Hwang and
               Jonathan Katz and
               Tal Malkin and
               Dan Rubenstein},
  title     = {{Secure Multi-Party Computation of Boolean Circuits with Applications
               to Privacy in On-Line Marketplaces}},
  booktitle = {Topics in Cryptology - {CT-RSA} 2012 - The Cryptographers' Track at
               the {RSA} Conference 2012, San Francisco, CA, USA, February 27 - March
               2, 2012. Proceedings},
  pages     = {416--432},
  year      = {2012}
}

@inproceedings{sml4,
  author    = {Henry Corrigan{-}Gibbs and
               Dan Boneh},
  title     = {{Prio: Private, Robust, and Scalable Computation of Aggregate Statistics}},
  booktitle = {14th {USENIX} Symposium on Networked Systems Design and Implementation,
               {NSDI} 2017, Boston, MA, USA, March 27-29, 2017},
  pages     = {259--282},
  year      = {2017}
}

@article{tfe,
  author    = {Morten Dahl and
               Jason Mancuso and
               Yann Dupis and
               Ben Decoste and
               Morgan Giraud and
               Ian Livingstone and
               Justin Patriquin and
               Gavin Uhma},
  title     = {{Private Machine Learning in TensorFlow using Secure Computation}},
  journal   = {CoRR},
  volume    = {abs/1810.08130},
  year      = {2018},
  url       = {http://arxiv.org/abs/1810.08130}
}

@inproceedings{chet,
  author    = {Roshan Dathathri and
               Olli Saarikivi and
               Hao Chen and
               Kristin Lauter and
               Saeed Maleki and
               Madan Musuvathi and
               Todd Mytkowicz},
  title     = {{CHET}: {An Optimizing Compiler for Fully-Homomorphic Neural-Network Inferencing}},
  booktitle = {Proceedings of the 40th {ACM} {SIGPLAN} Conference on Programming
               Language Design and Implementation, {PLDI} 2019, Phoenix, AZ,
               USA, June 22-26, 2019},
  pages     = {142--156},
  year      = {2019}
}

@inproceedings{ddkssz15,
  author    = {Daniel Demmler and
               Ghada Dessouky and
               Farinaz Koushanfar and
               Ahmad{-}Reza Sadeghi and
               Thomas Schneider and
               Shaza Zeitouni},
  title     = {{Automated Synthesis of Optimized Circuits for Secure Computation}},
  booktitle = {Proceedings of the 22nd {ACM} {SIGSAC} Conference on Computer and
               Communications Security, Denver, CO, USA, October 12-16, 2015},
  pages     = {1504--1517},
  year      = {2015}   
}

@inproceedings{ndss1,
  author    = {Daniel Demmler and
               Thomas Schneider and
               Michael Zohner},
  title     = {{Ad-Hoc Secure Two-Party Computation on Mobile Devices using Hardware
               Tokens}},
  booktitle = {Proceedings of the 23rd {USENIX} Security Symposium, San Diego, CA,
               USA, August 20-22, 2014},
  pages     = {893--908},
  year      = {2014}
}

@inproceedings{aby,
  author    = {Daniel Demmler and
               Thomas Schneider and
               Michael Zohner},
  title     = {{ABY} - {A Framework for Efficient Mixed-Protocol Secure Two-Party
               Computation}},
  booktitle = {22nd Annual Network and Distributed System Security Symposium, {NDSS}
               2015, San Diego, California, USA, February 8-11, 2015},
  year      = {2015} 
}

@inproceedings{imagenet,
  author    = {Jia Deng and
               Wei Dong and
               Richard Socher and
               Li{-}Jia Li and
               Kai Li and
               Fei{-}Fei Li},
  title     = {{ImageNet}: {A} large-scale hierarchical image database},
  booktitle = {2009 {IEEE} Computer Society Conference on Computer Vision and Pattern
               Recognition {(CVPR} 2009), 20-25 June 2009, Miami, Florida, {USA}},
  pages     = {248--255},
  year      = {2009}
}

@inproceedings{ndss3,
  author = {Susanne Felsen and \'Agnes Kiss and Thomas Schneider and Christian Weinert},
  title = {{Secure and Private Function Evaluation with} {Intel SGX}},
  booktitle = {Proceedings of the 2019 {ACM} {SIGSAC} Conference on Cloud Computing
               Security Workshop, CCSW@CCS 2019, London, UK, November 11, 2019},
  pages     = {165--181},
  year      = {2019} 
}

@article{outsourcingprivateml,
  author    = {Siddharth Garg and
               Zahra Ghodsi and
               Carmit Hazay and
               Yuval Ishai and
               Antonio Marcedone and
               Muthuramakrishnan Venkitasubramaniam},
  title     = {{Outsourcing Private Machine Learning via Lightweight Secure Arithmetic
               Computation}},
  journal   = {CoRR},
  volume    = {abs/1812.01372},
  year      = {2018},
  url       = {http://arxiv.org/abs/1812.01372},
}

@inproceedings{cryptonets,
  author    = {Ran Gilad{-}Bachrach and
               Nathan Dowlin and
               Kim Laine and
               Kristin E. Lauter and
               Michael Naehrig and
               John Wernsing},
  title     = {{CryptoNets: Applying Neural Networks to Encrypted Data with High Throughput
               and Accuracy}},
  booktitle = {Proceedings of the 33nd International Conference on Machine Learning,
               {ICML} 2016, New York City, NY, USA, June 19-24, 2016},
  pages     = {201--210},
  year      = {2016}   
}

@inproceedings{gmw,
  author    = {Oded Goldreich and
               Silvio Micali and
               Avi Wigderson},
  title     = {{How to Play any Mental Game or A Completeness Theorem for Protocols
               with Honest Majority}},
  booktitle = {Proceedings of the 19th Annual {ACM} Symposium on Theory of Computing,
               1987, New York, New York, {USA}},
  pages     = {218--229},
  year      = {1987}
}

@inproceedings{seedot,
  author    = {Sridhar Gopinath and
               Nikhil Ghanathe and
               Vivek Seshadri and
               Rahul Sharma},
  title     = {{Compiling KB-Sized Machine Learning Models to Tiny IoT Devices}},
  booktitle = {Proceedings of the 40th {ACM} {SIGPLAN} Conference on Programming
               Language Design and Implementation, {PLDI} 2019, Phoenix, AZ,
               USA, June 22-26, 2019},
  pages     = {79--95},  
  year      = {2019}
}

@article{googleDRPaper,
    author = {Gulshan, Varun and Peng, Lily and Coram, Marc and Stumpe, Martin C. and Wu, Derek and Narayanaswamy, Arunachalam and Venugopalan, Subhashini and Widner, Kasumi and Madams, Tom and Cuadros, Jorge and Kim, Ramasamy and Raman, Rajiv and Nelson, Philip C. and Mega, Jessica L. and Webster, Dale R.},
    title = {{Development and Validation of a Deep Learning Algorithm for Detection of Diabetic Retinopathy in Retinal Fundus Photographs}},
    journal = {JAMA},
    volume = {316},
    number = {22},
    pages = {2402-2410},
    year = {2016},
}

@inproceedings{GuptaFC16,
  author    = {Debayan Gupta and
               Benjamin Mood and
               Joan Feigenbaum and
               Kevin R. B. Butler and
               Patrick Traynor},
  title     = {{Using Intel Software Guard Extensions for Efficient Two-Party Secure
               Function Evaluation}},
  booktitle = {Financial Cryptography and Data Security - {FC} 2016 International
               Workshops, BITCOIN, VOTING, and WAHC, Christ Church, Barbados, February
               26, 2016, Revised Selected Papers},
  pages     = {302--318},
  year      = {2016}
}

@inproceedings{leviosa,
  author    = {Carmit Hazay and
               Yuval Ishai and
               Antonio Marcedone and
               Muthuramakrishnan Venkitasubramaniam},
  title     = {{LevioSA: Lightweight Secure Arithmetic Computation}},
  booktitle = {Proceedings of the 2019 {ACM} Conference on Computer and
               Communications Security, {CCS} 2019, London, UK, November 11-15, 2019},
  pages     = {327--344},
  year      = {2019},
}

@inproceedings{resnet,
  author    = {Kaiming He and
               Xiangyu Zhang and
               Shaoqing Ren and
               Jian Sun},
  title     = {{Deep Residual Learning for Image Recognition}},
  booktitle = {2016 {IEEE} Conference on Computer Vision and Pattern Recognition,
               {CVPR} 2016, Las Vegas, NV, USA, June 27-30, 2016},
  pages     = {770--778},
  year      = {2016}
}

@inproceedings{he2016identity,
  author    = {Kaiming He and
               Xiangyu Zhang and
               Shaoqing Ren and
               Jian Sun},
  title     = {{Identity Mappings in Deep Residual Networks}},
  booktitle = {Computer Vision - {ECCV} 2016 - 14th European Conference, Amsterdam,
               The Netherlands, October 11-14, 2016, Proceedings, Part {IV}},
  pages     = {630--645},
  year      = {2016}   
}

@inproceedings{cbmcgc,
  author    = {Andreas Holzer and
               Martin Franz and
               Stefan Katzenbeisser and
               Helmut Veith},
  title     = {Secure two-party computations in {ANSI} {C}},
  booktitle = {Proceedings of the 2012 {ACM} Conference on Computer and Communications Security, {CCS} 2012,
               Raleigh, NC, USA, October 16-18, 2012},
  pages     = {772--783},
  year      = {2012}
}

@inproceedings{densenet,
  author    = {Gao Huang and
               Zhuang Liu and
               Laurens van der Maaten and
               Kilian Q. Weinberger},
  title     = {{Densely Connected Convolutional Networks}},
  booktitle = {2017 {IEEE} Conference on Computer Vision and Pattern Recognition,
               {CVPR} 2017, Honolulu, HI, USA, July 21-26, 2017},
  pages     = {2261--2269},
  year      = {2017}
}

@article{chiron,
  author    = {Tyler Hunt and
               Congzheng Song and
               Reza Shokri and
               Vitaly Shmatikov and
               Emmett Witchel},
  title     = {{Chiron: Privacy-preserving Machine Learning as a Service}},
  journal   = {CoRR},
  volume    = {abs/1803.05961},
  year      = {2018},
  url       = {https://arxiv.org/abs/1803.05961}
}

@misc{gmwcode,
  title={{GMW} Codebase},
  url = {http://www.ee.columbia.edu/~kwhwang/projects/gmw.html},
  year={2012}
}

@misc{intelsgxperf,
	title = {{Performance Considerations for Intel Software
Guard Extensions} ({Intel SGX}) {A}pplications},
	author = {Intel},
	url = {https://software.intel.com/sites/default/files/managed/09/37/Intel-SGX-Performance-Considerations.pdf},
	year = {2018}
}

@inproceedings{batchNormPaper,
  author    = {Sergey Ioffe and
               Christian Szegedy},
  title     = {{Batch Normalization: Accelerating Deep Network Training by Reducing
                 Internal Covariate Shift}},
  booktitle = {Proceedings of the 32nd International Conference on Machine Learning,
               {ICML} 2015, Lille, France, 6-11 July 2015},
  series    = {{JMLR} Workshop and Conference Proceedings},
  volume    = {37},
  pages     = {448--456},
  year      = {2015},
  timestamp = {Wed, 29 May 2019 08:41:45 +0200},
  biburl    = {https://dblp.org/rec/conf/icml/IoffeS15.bib},
  bibsource = {dblp computer science bibliography, https://dblp.org}
}

@misc{pisgoogle,
    author = {Mihaela Ion and Ben Kreuter and Ahmet Erhan Nergiz and Sarvar Patel and Mariana Raykova and Shobhit Saxena and Karn Seth and David Shanahan and Moti Yung},
    title = {{On Deploying Secure Computing Commercially: Private Intersection-Sum Protocols and their Business Applications}},
    howpublished = {Cryptology ePrint Archive, Report 2019/723},
    year = {2019},
    note = {\url{https://eprint.iacr.org/2019/723}},
}

@inproceedings{tflite,
  author    = {Benoit Jacob and
               Skirmantas Kligys and
               Bo Chen and
               Menglong Zhu and
               Matthew Tang and
               Andrew G. Howard and
               Hartwig Adam and
               Dmitry Kalenichenko},
  title     = {{Quantization and Training of Neural Networks for Efficient Integer-Arithmetic-Only
                 Inference}},
  booktitle = {2018 {IEEE} Conference on Computer Vision and Pattern Recognition,
               {CVPR} 2018, Salt Lake City, UT, USA, June 18-22, 2018},
  pages     = {2704--2713},
  year      = {2018},
  timestamp = {Wed, 16 Oct 2019 14:14:50 +0200},
  biburl    = {https://dblp.org/rec/conf/cvpr/JacobKCZTHAK18.bib},
  bibsource = {dblp computer science bibliography, https://dblp.org}
}

@inproceedings{gazelle,
  author    = {Chiraag Juvekar and
               Vinod Vaikuntanathan and
               Anantha Chandrakasan},
  title     = {{GAZELLE: A Low Latency Framework for Secure Neural Network Inference}},
  booktitle = {27th {USENIX} Security Symposium, {USENIX} Security 2018, Baltimore,
               MD, USA, August 15-17, 2018},
  pages     = {1651--1669},
  year      = {2018},
  timestamp = {Mon, 20 Aug 2018 15:16:57 +0200},
  biburl    = {https://dblp.org/rec/conf/uss/JuvekarVC18.bib},
  bibsource = {dblp computer science bibliography, https://dblp.org}
}

@inproceedings{krrw18,
  author    = {Jonathan Katz and
               Samuel Ranellucci and
               Mike Rosulek and
               Xiao Wang},
  title     = {{Optimizing Authenticated Garbling for Faster Secure Two-Party Computation}},
  booktitle = {Advances in Cryptology - {CRYPTO} 2018 - 38th Annual International
               Cryptology Conference, Santa Barbara, CA, USA, August 19-23, 2018,
               Proceedings, Part {III}},
  pages     = {365--391},
  year      = {2018}
}

@inproceedings{ndss2,
  author    = {Patrick Koeberl and
               Vinay Phegade and
               Anand Rajan and
               Thomas Schneider and
               Steffen Schulz and
               Maria Zhdanova},
  title     = {{Time to Rethink: Trust Brokerage Using Trusted Execution Environments}},
  booktitle = {Trust and Trustworthy Computing - 8th International Conference, {TRUST}
               2015, Heraklion, Greece, August 24-26, 2015, Proceedings},
  pages     = {181--190},
  year      = {2015},
}

@inproceedings{krtwpsi,
  author    = {Vladimir Kolesnikov and
               Mike Rosulek and
               Ni Trieu and
               Xiao Wang},
  title     = {{Scalable Private Set Union from Symmetric-Key Techniques}},
  booktitle = {Advances in Cryptology - {ASIACRYPT} 2019 - 25th International Conference
               on the Theory and Application of Cryptology and Information Security,
               Kobe, Japan, December 8-12, 2019, Proceedings, Part {II}},
  pages     = {636--666},
  year      = {2019},
  timestamp = {Fri, 22 Nov 2019 13:57:40 +0100},
  biburl    = {https://dblp.org/rec/bib/conf/asiacrypt/KolesnikovRT019},
  bibsource = {dblp computer science bibliography, https://dblp.org}
}

@inproceedings{lenet,
    author = {Yann Lecun and Léon Bottou and Yoshua Bengio and Patrick Haffner},
    title = {{Gradient-based learning applied to document recognition}},
    booktitle = {Proceedings of the IEEE},
    year = {1998},
    pages = {2278--2324}
}

@inproceedings{oblivm,
  author    = {Chang Liu and
               Xiao Shaun Wang and
               Kartik Nayak and
               Yan Huang and
               Elaine Shi},
  title     = {{ObliVM: A Programming Framework for Secure Computation}},
  booktitle = {2015 {IEEE} Symposium on Security and Privacy, {S\&P} 2015, San Jose,
               CA, USA, May 17-21, 2015},
  pages     = {359--376},
  year      = {2015},
  timestamp = {Fri, 26 May 2017 00:50:06 +0200},
  biburl    = {http://dblp.uni-trier.de/rec/bib/conf/sp/LiuWNHS15},
  bibsource = {dblp computer science bibliography, http://dblp.org}
}

@inproceedings{minionn,
  author    = {Jian Liu and
               Mika Juuti and
               Yao Lu and
               N. Asokan},
  title     = {{Oblivious Neural Network Predictions via MiniONN Transformations}},
  booktitle = {Proceedings of the 2017 {ACM} {SIGSAC} Conference on Computer and
               Communications Security, {CCS} 2017, Dallas, TX, USA, October 30 -
               November 03, 2017},
  pages     = {619--631},
  year      = {2017},
  timestamp = {Tue, 06 Nov 2018 11:07:30 +0100},
  biburl    = {https://dblp.org/rec/conf/ccs/LiuJLA17.bib},
  bibsource = {dblp computer science bibliography, https://dblp.org}
}

@inproceedings{fairplay,
  author    = {Dahlia Malkhi and
               Noam Nisan and
               Benny Pinkas and
               Yaron Sella},
  title     = {{Fairplay - Secure Two-Party Computation System}},
  booktitle = {Proceedings of the 13th {USENIX} Security Symposium, August 9-13,
               2004, San Diego, CA, {USA}},
  pages     = {287--302},
  year      = {2004},
  timestamp = {Wed, 14 May 2014 19:33:31 +0200},
  biburl    = {http://dblp.uni-trier.de/rec/bib/conf/uss/MalkhiNPS04},
  bibsource = {dblp computer science bibliography, http://dblp.org}
}

@inproceedings{sml3,
  author    = {Luca Melis and
               Congzheng Song and
               Emiliano De Cristofaro and
               Vitaly Shmatikov},
  title     = {{Exploiting Unintended Feature Leakage in Collaborative Learning}},
  booktitle = {2019 {IEEE} Symposium on Security and Privacy, {S\&P} 2019, San Francisco,
               CA, USA, May 19-23, 2019},
  pages     = {691--706},
  year      = {2019},
}

@inproceedings {delphi,
  author = {Pratyush Mishra and
      Ryan Lehmkuhl and
      Akshayaram Srinivasan and
      Wenting Zheng and 
      Raluca Ada Popa},
  title = {{Delphi: A Cryptographic Inference Service for Neural Networks}},
  booktitle = {29th {USENIX} Security Symposium, {USENIX} Security 20},
  year = {2020},
  address = {Boston, MA},
}

@inproceedings{lambdaps,
  author    = {John C. Mitchell and
               Rahul Sharma and
               Deian Stefan and
               Joe Zimmerman},
  title     = {{Information-Flow Control for Programming on Encrypted Data}},
  booktitle = {25th {IEEE} Computer Security Foundations Symposium, {CSF} 2012, Cambridge,
               MA, USA, June 25-27, 2012},
  pages     = {45--60},
  year      = {2012},
  timestamp = {Wed, 16 Oct 2019 14:14:49 +0200},
  biburl    = {https://dblp.org/rec/conf/csfw/Mitchell0SZ12.bib},
  bibsource = {dblp computer science bibliography, https://dblp.org}
}

@inproceedings{aby3,
  author    = {Payman Mohassel and
               Peter Rindal},
  title     = {{ABY}\({}^{\mbox{3}}\): {A Mixed Protocol Framework for Machine Learning}},
  booktitle = {Proceedings of the 2018 {ACM} {SIGSAC} Conference on Computer and
               Communications Security, {CCS} 2018, Toronto, ON, Canada, October
               15-19, 2018},
  pages     = {35--52},
  year      = {2018}
}

@misc{sml1,
    author = {Payman Mohassel and Mike Rosulek and Ni Trieu},
    title = {{Practical Privacy-Preserving K-means Clustering}},
    howpublished = {Cryptology ePrint Archive, Report 2019/1158},
    year = {2019},
    note = {\url{https://eprint.iacr.org/2019/1158}},
}

@inproceedings{secureml,
  author    = {Payman Mohassel and
               Yupeng Zhang},
  title     = {{SecureML: A System for Scalable Privacy-Preserving Machine Learning}},
  booktitle = {2017 {IEEE} Symposium on Security and Privacy, {S\&P} 2017, San Jose,
               CA, USA, May 22-26, 2017},
  pages     = {19--38},
  year      = {2017},
  timestamp = {Wed, 16 Oct 2019 14:14:51 +0200},
  biburl    = {https://dblp.org/rec/conf/sp/MohasselZ17.bib},
  bibsource = {dblp computer science bibliography, https://dblp.org}
}

@inproceedings{frigate,
  author    = {Benjamin Mood and
               Debayan Gupta and
               Henry Carter and
               Kevin R. B. Butler and
               Patrick Traynor},
  title     = {{Frigate: A Validated, Extensible, and Efficient Compiler and Interpreter
                 for Secure Computation}},
  booktitle = {{IEEE} European Symposium on Security and Privacy, EuroS{\&}P
               2016, Saarbr{\"{u}}cken, Germany, March 21-24, 2016},
  pages     = {112--127},
  year      = {2016},
  timestamp = {Wed, 16 Oct 2019 14:14:55 +0200},
  biburl    = {https://dblp.org/rec/conf/eurosp/MoodGCBT16.bib},
  bibsource = {dblp computer science bibliography, https://dblp.org}
}

@misc {janakirammsv2017,
    author       = {Janakiram MSV},
    title        = {{Google's Research In Artificial Intelligence Helps In Preventing Blindness Caused by Diabetes}},
    howpublished = {Forbes},
    month        = {sep},
    year         = {2017},
    url = {https://www.forbes.com/sites/janakirammsv/2017/09/05/googles-research-in-artificial-intelligence-helps-in-preventing-blindness-caused-by-diabetes/#17b4f53256e1}
}

@article{qualcom,
  author    = {Markus Nagel and
               Mart van Baalen and
               Tijmen Blankevoort and
               Max Welling},
  title     = {{Data-Free Quantization through Weight Equalization and Bias Correction}},
  journal   = {CoRR},
  volume    = {abs/1906.04721},
  year      = {2019},
  url       = {http://arxiv.org/abs/1906.04721},
}

@inproceedings{smcl,
  author    = {Janus Dam Nielsen and
               Michael I. Schwartzbach},
  title     = {{A domain-specific programming language for secure multiparty computation}},
  booktitle = {Proceedings of the 2007 Workshop on Programming Languages and Analysis
               for Security, {PLAS} 2007, San Diego, California, USA, June 14, 2007},
  pages     = {21--30},
  year      = {2007},
  timestamp = {Fri, 04 Apr 2008 13:24:49 +0200},
  biburl    = {http://dblp.uni-trier.de/rec/bib/conf/pldi/NielsenS07},
  bibsource = {dblp computer science bibliography, http://dblp.org}
}

@inproceedings{valeriaMatrix,
  author    = {Valeria Nikolaenko and
               Stratis Ioannidis and
               Udi Weinsberg and
               Marc Joye and
               Nina Taft and
               Dan Boneh},
  title     = {{Privacy-preserving matrix factorization}},
  booktitle = {2013 {ACM} {SIGSAC} Conference on Computer and Communications Security,
	  	{CCS} 2013, Berlin, Germany, November 4-8, 2013},
  pages     = {801--812},
  year      = {2013},
  timestamp = {Tue, 06 Nov 2018 11:07:30 +0100},
  biburl    = {https://dblp.org/rec/conf/ccs/NikolaenkoIWJTB13.bib},
  bibsource = {dblp computer science bibliography, https://dblp.org}
}

@inproceedings{valeriaRidge,
  author    = {Valeria Nikolaenko and
               Udi Weinsberg and
               Stratis Ioannidis and
               Marc Joye and
               Dan Boneh and
               Nina Taft},
  title     = {{Privacy-Preserving Ridge Regression on Hundreds of Millions of Records}},
  booktitle = {2013 {IEEE} Symposium on Security and Privacy, {S\&P} 2013, Berkeley,
               CA, USA, May 19-22, 2013},
  pages     = {334--348},  
  year      = {2013},
  timestamp = {Wed, 16 Oct 2019 14:14:51 +0200},
  biburl    = {https://dblp.org/rec/conf/sp/NikolaenkoWIJBT13.bib},
  bibsource = {dblp computer science bibliography, https://dblp.org}
}

@inproceedings{obliviousmpml,
  author    = {Olga Ohrimenko and
               Felix Schuster and
               C{\'{e}}dric Fournet and
               Aastha Mehta and
               Sebastian Nowozin and
               Kapil Vaswani and
               Manuel Costa},
  title     = {{Oblivious Multi-Party Machine Learning on Trusted Processors}},
  booktitle = {25th {USENIX} Security Symposium, {USENIX} Security 16, Austin, TX,
               USA, August 10-12, 2016.},
  pages     = {619--636},
  year      = {2016}
}

@inproceedings{wysteria,
  author    = {Aseem Rastogi and
               Matthew A. Hammer and
               Michael Hicks},
  title     = {{Wysteria: A Programming Language for Generic, Mixed-Mode Multiparty
                 Computations}},
  booktitle = {2014 {IEEE} Symposium on Security and Privacy, {S\&P} 2014, Berkeley,
               CA, USA, May 18-21, 2014},
  pages     = {655--670},
  year      = {2014}
}

@inproceedings{xonn,
  author    = {M. Sadegh Riazi and
               Mohammad Samragh and
               Hao Chen and
               Kim Laine and
               Kristin E. Lauter and
               Farinaz Koushanfar},
  title     = {{XONN: XNOR-based Oblivious Deep Neural Network Inference}},
  booktitle = {28th {USENIX} Security Symposium, {USENIX} Security 2019, Santa Clara,
               CA, USA, August 14-16, 2019},
  pages     = {1501--1518},
  year      = {2019},
  timestamp = {Tue, 03 Sep 2019 16:39:56 +0200},
  biburl    = {https://dblp.org/rec/conf/uss/RiaziS0LLK19.bib},
  bibsource = {dblp computer science bibliography, https://dblp.org}
}

@inproceedings{chameleon,
  author    = {M. Sadegh Riazi and
               Christian Weinert and
               Oleksandr Tkachenko and
               Ebrahim M. Songhori and
               Thomas Schneider and
               Farinaz Koushanfar},
  title     = {{Chameleon: A Hybrid Secure Computation Framework for Machine Learning
                 Applications}},
  booktitle = {Proceedings of the 2018 on Asia Conference on Computer and Communications
               Security, AsiaCCS 2018, Incheon, Republic of Korea, June 04-08, 2018},
  pages     = {707--721},
  year      = {2018},
  doi       = {10.1145/3196494.3196522},
  timestamp = {Sat, 19 Oct 2019 20:06:18 +0200},
  biburl    = {https://dblp.org/rec/conf/ccs/RiaziWTS0K18.bib},
  bibsource = {dblp computer science bibliography, https://dblp.org}
}

@article{pysyft,
  author    = {Theo Ryffel and
               Andrew Trask and
               Morten Dahl and
               Bobby Wagner and
               Jason Mancuso and
               Daniel Rueckert and
               Jonathan Passerat{-}Palmbach},
  title     = {{A generic framework for privacy preserving deep learning}},
  journal   = {CoRR},
  volume    = {abs/1811.04017},
  year      = {2018},
  url       = {http://arxiv.org/abs/1811.04017},
  archivePrefix = {arXiv},
  eprint    = {1811.04017},
  timestamp = {Fri, 23 Nov 2018 12:43:51 +0100},
  biburl    = {https://dblp.org/rec/journals/corr/abs-1811-04017.bib},
  bibsource = {dblp computer science bibliography, https://dblp.org}
}

@inproceedings{vc3,
  author    = {Felix Schuster and
               Manuel Costa and
               C{\'{e}}dric Fournet and
               Christos Gkantsidis and
               Marcus Peinado and
               Gloria Mainar{-}Ruiz and
               Mark Russinovich},
  title     = {{VC3: Trustworthy Data Analytics in the Cloud Using SGX}},
  booktitle = {2015 {IEEE} Symposium on Security and Privacy, {S\&P} 2015, San Jose,
               CA, USA, May 17-21, 2015},
  pages     = {38--54},
  year      = {2015}
}

@misc{codedprivateml,
    author = {Jinhyun So and Basak Guler and A. Salman Avestimehr and Payman Mohassel},
    title = {{CodedPrivateML: A Fast and Privacy-Preserving Framework for Distributed Machine Learning}},
    howpublished = {Cryptology ePrint Archive, Report 2019/140},
    year = {2019},
    note = {\url{https://eprint.iacr.org/2019/140}},
}

@misc{tensorflowbroadcasting,
title={{Broadcasting semantics}},
author={TensorFlow},
howpublished = {\url{https://www.tensorflow.org/xla/broadcasting}},
year={2018}
}

@inproceedings{slalom,
  author    = {Florian Tram{\`{e}}r and
               Dan Boneh},
  title     = {{Slalom: Fast, Verifiable and Private Execution of Neural Networks
                 in Trusted Hardware}},
  booktitle = {7th International Conference on Learning Representations, {ICLR} 2019,
               New Orleans, LA, USA, May 6-9, 2019},
  year      = {2019},
}

@inproceedings{sealedglass,
  author    = {Florian Tram{\`{e}}r and
               Fan Zhang and
               Huang Lin and
               Jean{-}Pierre Hubaux and
               Ari Juels and
               Elaine Shi},
  title     = {{Sealed-Glass Proofs: Using Transparent Enclaves to Prove and Sell
                 Knowledge}},
  booktitle = {2017 {IEEE} European Symposium on Security and Privacy, EuroS{\&}P
               2017, Paris, France, April 26-28, 2017},
  pages     = {19--34},
  year      = {2017}
}

@article{securenn,
  author    = {Sameer Wagh and
               Divya Gupta and
               Nishanth Chandran},
  title     = {{SecureNN: 3-Party Secure Computation for Neural Network Training}},
  journal   = {PoPETs},
  volume    = {2019},
  number    = {3},
  pages     = {26--49},
  year      = {2019},
  timestamp = {Mon, 05 Aug 2019 17:10:44 +0200},
  biburl    = {https://dblp.org/rec/journals/popets/WaghGC19.bib},
  bibsource = {dblp computer science bibliography, https://dblp.org}
}

@inproceedings{wrk17,
  author    = {Xiao Wang and
               Samuel Ranellucci and
               Jonathan Katz},
  title     = {{Authenticated Garbling and Efficient Maliciously Secure Two-Party
                 Computation}},
  booktitle = {Proceedings of the 2017 {ACM} {SIGSAC} Conference on Computer and
               Communications Security, {CCS} 2017, Dallas, TX, USA, October 30 -
               November 03, 2017},
  pages     = {21--37},
  year      = {2017}
}

@inproceedings{wrk17b,
  author    = {Xiao Wang and
               Samuel Ranellucci and
               Jonathan Katz},
  title     = {{Global-Scale Secure Multiparty Computation}},
  booktitle = {Proceedings of the 2017 {ACM} {SIGSAC} Conference on Computer and
               Communications Security, {CCS} 2017, Dallas, TX, USA, October 30 -
               November 03, 2017},
  pages     = {39--56},
  year      = {2017}
}

@inproceedings{yao,
  author    = {Andrew Chi{-}Chih Yao},
  title     = {{How to Generate and Exchange Secrets (Extended Abstract)}},
  booktitle = {27th Annual Symposium on Foundations of Computer Science, Toronto,
               Canada, 27-29 October 1986},
  pages     = {162--167},
  publisher = {{IEEE} Computer Society},
  year      = {1986},
  doi       = {10.1109/SFCS.1986.25},
  timestamp = {Wed, 16 Oct 2019 14:14:54 +0200},
  biburl    = {https://dblp.org/rec/conf/focs/Yao86.bib},
  bibsource = {dblp computer science bibliography, https://dblp.org}
}

@inproceedings{opaque,
  author    = {Wenting Zheng and
               Ankur Dave and
               Jethro G. Beekman and
               Raluca Ada Popa and
               Joseph E. Gonzalez and
               Ion Stoica},
  title     = {{Opaque: An Oblivious and Encrypted Distributed Analytics Platform}},
  booktitle = {14th {USENIX} Symposium on Networked Systems Design and Implementation,
               {NSDI} 2017, Boston, MA, USA, March 27-29, 2017},
  pages     = {283--298},
  year      = {2017},
}

@inproceedings{helen,
  author    = {Wenting Zheng and
               Raluca Ada Popa and
               Joseph E. Gonzalez and
               Ion Stoica},
  title     = {{Helen: Maliciously Secure Coopetitive Learning for Linear Models}},
  booktitle = {2019 {IEEE} Symposium on Security and Privacy, {S\&P} 2019, San Francisco,
               CA, USA, May 19-23, 2019},
  pages     = {724--738},
  year      = {2019},
}

@article{lungdisease,
  author = {Xiaoyong Zhu and
              George Iordanescu and 
              Ilia Karmanov and
              Mazen Zawaideh},
  howpublished = {\url{https://blogs.technet.microsoft.com/machinelearning/2018/03/07/using-microsoft-ai-to-build-a-lung-disease-prediction-model-using-chest-x-ray-images/}},
  title = {{Using Microsoft AI to Build a Lung-Disease Prediction Model Using Chest X-Ray Images}},
  year = 2018
}

@inproceedings{astraccsw,
  author    = {Harsh Chaudhari and
               Ashish Choudhury and
               Arpita Patra and
               Ajith Suresh},
  title     = {{ASTRA: High Throughput 3PC over Rings with Application to Secure
                 Prediction}},
  booktitle = {Proceedings of the 2019 {ACM} {SIGSAC} Conference on Cloud Computing
               Security Workshop, CCSW@CCS 2019, London, UK, November 11, 2019},
  pages     = {81--92},
  year      = {2019},
  timestamp = {Sun, 10 Nov 2019 15:02:41 +0100},
  biburl    = {https://dblp.org/rec/conf/ccs/ChaudhariCPS19.bib},
  bibsource = {dblp computer science bibliography, https://dblp.org}
}

@inproceedings{trident,
  author = {Harsh Chaudhari  and Rahul Rachuri and Ajith Suresh},
  title = {{Trident: Efficient 4PC Framework for Privacy Preserving Machine Learning}},
  booktitle = {27th Annual Network and Distributed System Security Symposium, {NDSS}
               2020, San Diego, California, USA, February 23-26, 2020},
  year      = {2020},
}


@misc{astraeprint,
    author = {Harsh Chaudhari and Ashish Choudhury and Arpita Patra and Ajith Suresh},
    title = {{ASTRA: High Throughput 3PC over Rings with Application to Secure Prediction}},
    howpublished = {Cryptology ePrint Archive, Report 2019/429},
    year = {2019},
    note = {\url{https://eprint.iacr.org/2019/429}},
}

@misc{mpspdz,
  year = {2019},
  title = {{Multi-Protocol SPDZ: Versatile framework for multi-party computation}},
  url = "https://github.com/data61/MP-SPDZ"
} 

@misc{chestxray2018, 
  url={https://blogs.technet.microsoft.com/machinelearning/2018/03/07/using-microsoft-ai-to-build-a-lung-disease-prediction-model-using-chest-x-ray-images/}, 
  publisher={Microsoft}, 
  author={Zhu, Xiaoyong and Iordanescu, George and Karmanov, Ilia and Zawaideh, Mazen}, 
  year={2018}, 
  month={Mar}
}

