% This file was created with JabRef 2.10.
% Encoding: UTF8

@inproceedings{DBLP:conf/cocoon/BrankovicGR20,
  author    = {Milutin Brankovic and
               Joachim Gudmundsson and
               Andr{\'{e}} van Renssen},
  title     = {Local Routing in a Tree Metric 1-Spanner},
  booktitle = {{COCOON}},
  series    = {Lecture Notes in Computer Science},
  volume    = {12273},
  pages     = {174--185},
  publisher = {Springer},
  year      = {2020}
}

@inproceedings{DBLP:conf/soda/GottliebR08,
  author    = {Lee{-}Ad Gottlieb and
               Liam Roditty},
  title     = {Improved algorithms for fully dynamic geometric spanners and geometric
               routing},
  booktitle = {{SODA}},
  pages     = {591--600},
  publisher = {{SIAM}},
  year      = {2008}
}

@article{Thomason84,
  doi = {10.1017/s0305004100061521},
  year = {1984},
  volume = {95},
  number = {2},
  pages = {261--265},
  author = {A.~Thomason},
  title = {An extremal function for contractions of graphs},
  journal = {Mathematical Proceedings of the Cambridge Philosophical Society}
}

@inproceedings{czumaj2000fast,
  title={Fast approximation schemes for Euclidean multi-connectivity problems},
  author={Czumaj, Artur and Lingas, Andrzej},
  booktitle={International Colloquium on Automata, Languages, and Programming},
  pages={856--868},
  year={2000},
  organization={Springer}
}

@article{das1996constructing,
  title={Constructing degree-3 spanners with other sparseness properties},
  author={Das, Gautam and Heffernan, Paul J},
  journal={International Journal of Foundations of Computer Science},
  volume={7},
  number={02},
  pages={121--135},
  year={1996},
  publisher={World Scientific}
}

@article{elkin2015optimal,
  title={Optimal Euclidean spanners: Really short, thin, and lanky},
  author={Elkin, Michael and Solomon, Shay},
  journal={Journal of the ACM (JACM)},
  volume={62},
  number={5},
  pages={1--45},
  year={2015},
  publisher={ACM New York, NY, USA}
}

@inproceedings{roditty2005deterministic,
  title={Deterministic constructions of approximate distance oracles and spanners},
  author={Roditty, Liam and Thorup, Mikkel and Zwick, Uri},
  booktitle={International Colloquium on Automata, Languages, and Programming},
  pages={261--272},
  year={2005},
  organization={Springer}
}

@article{baswana2007simple,
  title={A simple and linear time randomized algorithm for computing sparse spanners in weighted graphs},
  author={Baswana, Surender and Sen, Sandeep},
  journal={Random Structures \& Algorithms},
  volume={30},
  number={4},
  pages={532--563},
  year={2007},
  publisher={Wiley Online Library}
}

@inproceedings{das1994fast,
  title={A fast algorithm for constructing sparse Euclidean spanners},
  author={Das, Gautam and Narasimhan, Giri},
  booktitle={Proceedings of 10th SoCG},
  pages={132--139},
  year={1994}
}


@InProceedings{BenOr83,
  Title                    = {Lower Bounds for Algebraic Computation Trees},
  Author                   = {M.~Ben-Or},
  Booktitle                = {Proceedings of the 15th Annual ACM Symposium on Theory of Computing},
  Year                     = {1983},
  Pages                    = {80--86},
  Series                   = {STOC'83},

  Doi                      = {10.1145/800061.808735},
  Owner                    = {hungle},
  Timestamp                = {2021.01.03}
}

@Article{CDS01,
  Title                    = {Lower bounds for computing geometric spanners and approximate shortest paths},
  Author                   = {D.~Z.~Chen and G.~Das and M.~Smid},
  Journal                  = {Discrete Applied Mathematics},
  Year                     = {2001},
  Number                   = {2-3},
  Pages                    = {151--167},
  Volume                   = {110},

  Doi                      = {10.1016/s0166-218x(00)00280-8},
  Owner                    = {hungle},
  Timestamp                = {2020.11.19}
}

@Misc{LS20B,
  Title                    = {A Unified and Fine-Grained Approach for Light Spanners},

  Author                   = {H.~Le and S.~Solomon},
  HowPublished             = {arXiv preprint},
  Note                     = {\url{https://arxiv.org/abs/2008.10582}},
  Year                     = {2020},

  Owner                    = {hungle},
  Timestamp                = {2020.11.13}
}


@Misc{LS21,
  Title                    = {Towards a Unified Theory of Light Spanners {I}: {F}ast (Yet Optimal) Constructions},
  Author                   = {H.~Le and S.~Solomon},
  HowPublished             = {arXiv preprint},
  Note                     = {\url{https://arxiv.org/abs/2106.15596}},
  Year                     = {2021},

  Owner                    = {hungle},
  Timestamp                = {2020.11.13}
}

@Article{FP16,
  Title                    = {A lower bound for computing geometric spanners},
  Author                   = {M.~Farshi and A.~Poureidi},
  Journal                  = {Computational Geometry},
  Year                     = {2016},
  Pages                    = {21--26},
  Volume                   = {53},

  Doi                      = {10.1016/j.comgeo.2015.12.004},
  Owner                    = {hungle},
  Timestamp                = {2020.11.19}
}

@Article{Vaidya1991,
  Title                    = {A sparse graph almost as good as the complete graph on points in {K} dimensions},
  Author                   = {P.~M.~Vaidya},
  Journal                  = {Discrete {\&} Computational Geometry},
  Year                     = {1991},
  Number                   = {3},
  Pages                    = {369--381},
  Volume                   = {6},

  Doi                      = {10.1007/bf02574695},
  Owner                    = {hungle},
  Timestamp                = {2020.11.19}
}

@InProceedings{Salowe91,
  Title                    = {Construction of multidimensional spanner graphs, with applications to minimum spanning trees},
  Author                   = {J.~S.~Salowe},
  Booktitle                = {Proceedings of the 7th Annual Symposium on Computational Geometry},
  Year                     = {1991},
  Pages                    = {256--261},
  Series                   = {SoCG'91},

  Doi                      = {10.1145/109648.109677},
  Owner                    = {hungle},
  Timestamp                = {2020.11.19}
}

@Article{CK95,
  Title                    = {A decomposition of multidimensional point sets with applications to $k$-nearest-neighbors and $n$-body potential fields},
  Author                   = {P.~B.~Callahan and S.~R.~Kosaraju},
  Journal                  = {Journal of the {ACM}},
  Year                     = {1995},
  Number                   = {1},
  Pages                    = {67--90},
  Volume                   = {42},

  Doi                      = {10.1145/200836.200853},
  Owner                    = {hungle},
  Timestamp                = {2020.11.19}
}

@InProceedings{AFGN18,
  Title                    = {Metric embedding via shortest path decompositions},
  Author                   = {Ittai Abraham and
 Arnold Filtser and
 Anupam Gupta and
 Ofer Neiman},
  Booktitle                = {Proceedings of the 50th Annual {ACM} {SIGACT} Symposium on Theory
 of Computing, {STOC} 2018, Los Angeles, CA, USA, June 25-29, 2018},
  Year                     = {2018},
  Note                     = {full version: \url{https://arxiv.org/abs/1708.04073}},
  Pages                    = {952--963},

  Bibsource                = {dblp computer science bibliography, https://dblp.org},
  Biburl                   = {https://dblp.org/rec/conf/stoc/AbrahamFGN18.bib},
  Crossref                 = {DBLP:conf/stoc/2018},
  Doi                      = {10.1145/3188745.3188808},
  Timestamp                = {Wed, 21 Nov 2018 12:44:02 +0100},
  Url                      = {https://doi.org/10.1145/3188745.3188808}
}

@InProceedings{Arora97,
  Title                    = {Nearly Linear Time Approximation Schemes for Euclidean {TSP} and other
 Geometric Problems},
  Author                   = {Sanjeev Arora},
  Booktitle                = {38th Annual Symposium on Foundations of Computer Science, {FOCS} '97,
 Miami Beach, Florida, USA, October 19-22, 1997},
  Year                     = {1997},
  Pages                    = {554--563},

  Bibsource                = {dblp computer science bibliography, https://dblp.org},
  Biburl                   = {https://dblp.org/rec/conf/focs/Arora97.bib},
  Crossref                 = {DBLP:conf/focs/1997},
  Doi                      = {10.1109/SFCS.1997.646145},
  Timestamp                = {Wed, 16 Oct 2019 14:14:54 +0200},
  Url                      = {https://doi.org/10.1109/SFCS.1997.646145}
}

@InProceedings{AGKKW98,
  Title                    = {A Polynomial-Time Approximation Scheme for Weighted Planar Graph {TSP}},
  Author                   = {Sanjeev Arora and
 Michelangelo Grigni and
 David R. Karger and
 Philip N. Klein and
 Andrzej Woloszyn},
  Booktitle                = {Proceedings of the Ninth Annual {ACM-SIAM} Symposium on Discrete Algorithms,
 25-27 January 1998, San Francisco, California, {USA}},
  Year                     = {1998},
  Pages                    = {33--41},

  Bibsource                = {dblp computer science bibliography, https://dblp.org},
  Biburl                   = {https://dblp.org/rec/conf/soda/AroraGKKW98.bib},
  Crossref                 = {DBLP:conf/soda/1998},
  Timestamp                = {Thu, 05 Jul 2018 07:29:49 +0200},
  Url                      = {http://dl.acm.org/citation.cfm?id=314613.314632}
}

@InProceedings{Bar96,
  Title                    = {Probabilistic Approximations of Metric Spaces and Its Algorithmic
 Applications},
  Author                   = {Yair Bartal},
  Booktitle                = {37th Annual Symposium on Foundations of Computer Science, {FOCS} '96,
 Burlington, Vermont, USA, 14-16 October, 1996},
  Year                     = {1996},
  Pages                    = {184--193},

  Bibsource                = {dblp computer science bibliography, https://dblp.org},
  Biburl                   = {https://dblp.org/rec/conf/focs/Bartal96.bib},
  Crossref                 = {DBLP:conf/focs/1996},
  Doi                      = {10.1109/SFCS.1996.548477},
  Timestamp                = {Wed, 16 Oct 2019 14:14:54 +0200},
  Url                      = {https://doi.org/10.1109/SFCS.1996.548477}
}

@InProceedings{BDS04,
  Title                    = {{SPLAST:} a novel approach for multicasting in mobile wireless ad
 hoc networks},
  Author                   = {Yehuda Ben{-}Shimol and
 Amit Dvir and
 Michael Segal},
  Booktitle                = {Proceedings of the {IEEE} 15th International Symposium on Personal,
 Indoor and Mobile Radio Communications, {PIMRC} 2004, 5-8 September
 2004, Barcelona, Spain},
  Year                     = {2004},
  Pages                    = {1011--1015},

  Bibsource                = {dblp computer science bibliography, http://dblp.org},
  Biburl                   = {http://dblp.uni-trier.de/rec/bib/conf/pimrc/Ben-ShimolDS04},
  Crossref                 = {DBLP:conf/pimrc/2004},
  Doi                      = {10.1109/PIMRC.2004.1373851},
  Timestamp                = {Mon, 26 Jun 2017 07:32:25 +0200},
  Url                      = {https://doi.org/10.1109/PIMRC.2004.1373851}
}

@InProceedings{BK08,
  Title                    = {The Two-Edge Connectivity Survivable Network Problem in Planar Graphs},
  Author                   = {Glencora Borradaile and
 Philip N. Klein},
  Booktitle                = {Automata, Languages and Programming, 35th International Colloquium,
 {ICALP} 2008, Reykjavik, Iceland, July 7-11, 2008, Proceedings, Part
 {I:} Tack {A:} Algorithms, Automata, Complexity, and Games},
  Year                     = {2008},
  Pages                    = {485--501},

  Bibsource                = {dblp computer science bibliography, https://dblp.org},
  Biburl                   = {https://dblp.org/rec/conf/icalp/BorradaileK08.bib},
  Crossref                 = {DBLP:conf/icalp/2008-1},
  Doi                      = {10.1007/978-3-540-70575-8\_40},
  Timestamp                = {Fri, 27 Mar 2020 09:02:59 +0100},
  Url                      = {https://doi.org/10.1007/978-3-540-70575-8\_40}
}

@InProceedings{CJLV08,
  Title                    = {Embeddings of Topological Graphs: Lossy Invariants, Linearization,
 and 2-Sums},
  Author                   = {Amit Chakrabarti and
 Alexander Jaffe and
 James R. Lee and
 Justin Vincent},
  Booktitle                = {49th Annual {IEEE} Symposium on Foundations of Computer Science, {FOCS}
 2008, October 25-28, 2008, Philadelphia, PA, {USA}},
  Year                     = {2008},
  Pages                    = {761--770},

  Bibsource                = {dblp computer science bibliography, https://dblp.org},
  Biburl                   = {https://dblp.org/rec/conf/focs/ChakrabartiJLV08.bib},
  Crossref                 = {DBLP:conf/focs/2008},
  Doi                      = {10.1109/FOCS.2008.79},
  Timestamp                = {Wed, 16 Oct 2019 14:14:54 +0200},
  Url                      = {https://doi.org/10.1109/FOCS.2008.79}
}

@InProceedings{DHK11,
  Title                    = {Contraction decomposition in h-minor-free graphs and algorithmic applications},
  Author                   = {Erik D. Demaine and
 MohammadTaghi Hajiaghayi and
 Ken{-}ichi Kawarabayashi},
  Booktitle                = {Proceedings of the 43rd {ACM} Symposium on Theory of Computing, {STOC}
 2011, San Jose, CA, USA, 6-8 June 2011},
  Year                     = {2011},
  Pages                    = {441--450},

  Bibsource                = {dblp computer science bibliography, https://dblp.org},
  Biburl                   = {https://dblp.org/rec/conf/stoc/DemaineHK11.bib},
  Crossref                 = {DBLP:conf/stoc/2011},
  Doi                      = {10.1145/1993636.1993696},
  Timestamp                = {Tue, 06 Nov 2018 11:07:04 +0100},
  Url                      = {https://doi.org/10.1145/1993636.1993696}
}

@InProceedings{EKM14,
  Title                    = {Approximating \emph{k}-center in planar graphs},
  Author                   = {David Eisenstat and
 Philip N. Klein and
 Claire Mathieu},
  Booktitle                = {Proceedings of the Twenty-Fifth Annual {ACM-SIAM} Symposium on Discrete
 Algorithms, {SODA} 2014, Portland, Oregon, USA, January 5-7, 2014},
  Year                     = {2014},
  Pages                    = {617--627},

  Bibsource                = {dblp computer science bibliography, https://dblp.org},
  Biburl                   = {https://dblp.org/rec/conf/soda/EisenstatKM14.bib},
  Crossref                 = {DBLP:conf/soda/2014},
  Doi                      = {10.1137/1.9781611973402.47},
  Timestamp                = {Wed, 24 May 2017 08:31:21 +0200},
  Url                      = {https://doi.org/10.1137/1.9781611973402.47}
}

@InProceedings{Fil19padded,
  Title                    = {On Strong Diameter Padded Decompositions},
  Author                   = {Arnold Filtser},
  Booktitle                = {Approximation, Randomization, and Combinatorial Optimization. Algorithms
 and Techniques, {APPROX/RANDOM} 2019, September 20-22, 2019, Massachusetts
 Institute of Technology, Cambridge, MA, {USA}},
  Year                     = {2019},
  Pages                    = {6:1--6:21},

  Bibsource                = {dblp computer science bibliography, https://dblp.org},
  Biburl                   = {https://dblp.org/rec/conf/approx/Filtser19.bib},
  Crossref                 = {DBLP:conf/approx/2019},
  Doi                      = {10.4230/LIPIcs.APPROX-RANDOM.2019.6},
  Timestamp                = {Tue, 17 Sep 2019 17:11:58 +0200},
  Url                      = {https://doi.org/10.4230/LIPIcs.APPROX-RANDOM.2019.6}
}

@InProceedings{FN18,
  Title                    = {Light Spanners for High Dimensional Norms via Stochastic Decompositions},
  Author                   = {Arnold Filtser and
 Ofer Neiman},
  Booktitle                = {26th Annual European Symposium on Algorithms, {ESA} 2018, August 20-22,
 2018, Helsinki, Finland},
  Year                     = {2018},
  Pages                    = {29:1--29:15},

  Bibsource                = {dblp computer science bibliography, https://dblp.org},
  Biburl                   = {https://dblp.org/rec/conf/esa/FiltserN18.bib},
  Crossref                 = {DBLP:conf/esa/2018},
  Doi                      = {10.4230/LIPIcs.ESA.2018.29},
  Timestamp                = {Tue, 11 Feb 2020 15:52:14 +0100},
  Url                      = {https://doi.org/10.4230/LIPIcs.ESA.2018.29}
}

@InProceedings{Gottlieb15,
  Title                    = {A Light Metric Spanner},
  Author                   = {Lee{-}Ad Gottlieb},
  Booktitle                = {{IEEE} 56th Annual Symposium on Foundations of Computer Science, {FOCS}
 2015, Berkeley, CA, USA, 17-20 October, 2015},
  Year                     = {2015},
  Pages                    = {759--772},

  Bibsource                = {dblp computer science bibliography, https://dblp.org},
  Biburl                   = {https://dblp.org/rec/conf/focs/Gottlieb15.bib},
  Crossref                 = {DBLP:conf/focs/2015},
  Doi                      = {10.1109/FOCS.2015.52},
  Timestamp                = {Wed, 16 Oct 2019 14:14:54 +0200},
  Url                      = {https://doi.org/10.1109/FOCS.2015.52}
}

@InProceedings{Grigni00,
  Title                    = {Approximate {TSP} in Graphs with Forbidden Minors},
  Author                   = {Michelangelo Grigni},
  Booktitle                = {Automata, Languages and Programming, 27th International Colloquium,
 {ICALP} 2000, Geneva, Switzerland, July 9-15, 2000, Proceedings},
  Year                     = {2000},
  Pages                    = {869--877},

  Bibsource                = {dblp computer science bibliography, https://dblp.org},
  Biburl                   = {https://dblp.org/rec/conf/icalp/Grigni00.bib},
  Crossref                 = {DBLP:conf/icalp/2000},
  Doi                      = {10.1007/3-540-45022-X\_73},
  Timestamp                = {Tue, 14 May 2019 10:00:44 +0200},
  Url                      = {https://doi.org/10.1007/3-540-45022-X\_73}
}

@InProceedings{GKP95,
  Title                    = {An Approximation Scheme for Planar Graph {TSP}},
  Author                   = {Michelangelo Grigni and
 Elias Koutsoupias and
 Christos H. Papadimitriou},
  Booktitle                = {36th Annual Symposium on Foundations of Computer Science, Milwaukee,
 Wisconsin, USA, 23-25 October 1995},
  Year                     = {1995},
  Pages                    = {640--645},

  Bibsource                = {dblp computer science bibliography, https://dblp.org},
  Biburl                   = {https://dblp.org/rec/conf/focs/GrigniKP95.bib},
  Crossref                 = {DBLP:conf/focs/1995},
  Doi                      = {10.1109/SFCS.1995.492665},
  Timestamp                = {Wed, 16 Oct 2019 14:14:54 +0200},
  Url                      = {https://doi.org/10.1109/SFCS.1995.492665}
}

@InProceedings{Le20,
  Title                    = {A {PTAS} for subset {TSP} in minor-free graphs},
  Author                   = {Hung Le},
  Booktitle                = {Proceedings of the 2020 {ACM-SIAM} Symposium on Discrete Algorithms,
 {SODA} 2020, Salt Lake City, UT, USA, January 5-8, 2020},
  Year                     = {2020},
  Note                     = {Full version: \href{https://arxiv.org/abs/1804.01588}{arxiv:1804.01588}},
  Pages                    = {2279--2298},

  Bibsource                = {dblp computer science bibliography, https://dblp.org},
  Biburl                   = {https://dblp.org/rec/conf/soda/Le20.bib},
  Crossref                 = {DBLP:conf/soda/2020},
  Doi                      = {10.1137/1.9781611975994.140},
  Timestamp                = {Fri, 31 Jan 2020 13:53:57 +0100},
  Url                      = {https://doi.org/10.1137/1.9781611975994.140}
}

@InProceedings{LS19,
  Title                    = {Truly Optimal Euclidean Spanners},
  Author                   = {Hung Le and
 Shay Solomon},
  Booktitle                = {60th {IEEE} Annual Symposium on Foundations of Computer Science, {FOCS}
 2019, Baltimore, Maryland, USA, November 9-12, 2019},
  Year                     = {2019},
  Note                     = {Full version at \url{https://arxiv.org/abs/1904.12042}},
  Pages                    = {1078--1100},

  Bibsource                = {dblp computer science bibliography, https://dblp.org},
  Biburl                   = {https://dblp.org/rec/conf/focs/LeS19.bib},
  Crossref                 = {DBLP:conf/focs/2019},
  Doi                      = {10.1109/FOCS.2019.00069},
  Timestamp                = {Tue, 07 Jan 2020 13:31:39 +0100},
  Url                      = {https://doi.org/10.1109/FOCS.2019.00069}
}

@InProceedings{LS09,
  Title                    = {On the geometry of graphs with a forbidden minor},
  Author                   = {James R. Lee and
 Anastasios Sidiropoulos},
  Booktitle                = {Proceedings of the 41st Annual {ACM} Symposium on Theory of Computing,
 {STOC} 2009, Bethesda, MD, USA, May 31 - June 2, 2009},
  Year                     = {2009},
  Pages                    = {245--254},

  Bibsource                = {dblp computer science bibliography, https://dblp.org},
  Biburl                   = {https://dblp.org/rec/conf/stoc/LeeS09.bib},
  Crossref                 = {DBLP:conf/stoc/2009},
  Doi                      = {10.1145/1536414.1536450},
  Timestamp                = {Tue, 06 Nov 2018 11:07:05 +0100},
  Url                      = {https://doi.org/10.1145/1536414.1536450}
}

@InProceedings{Rao99,
  Title                    = {Small Distortion and Volume Preserving Embeddings for Planar and {E}uclidean Metrics},
  Author                   = {Satish Rao},
  Booktitle                = {Proceedings of the Fifteenth Annual Symposium on Computational Geometry, Miami Beach, Florida, USA, June 13-16, 1999},
  Year                     = {1999},
  Pages                    = {300--306},

  Bibsource                = {dblp computer science bibliography, http://dblp.org},
  Biburl                   = {http://dblp.uni-trier.de/rec/bib/conf/compgeom/Rao99},
  Crossref                 = {DBLP:conf/compgeom/1999},
  Doi                      = {10.1145/304893.304983},
  Timestamp                = {Fri, 30 Jan 2015 14:53:40 +0100},
  Url                      = {http://doi.acm.org/10.1145/304893.304983}
}

@InProceedings{RW04,
  Title                    = {Gathering correlated data in sensor networks},
  Author                   = {Pascal von Rickenbach and
 Roger Wattenhofer},
  Booktitle                = {Proceedings of the {DIALM-POMC} Joint Workshop on Foundations of Mobile
 Computing, Philadelphia, PA, USA, October 1, 2004},
  Year                     = {2004},
  Pages                    = {60--66},

  Bibsource                = {dblp computer science bibliography, http://dblp.org},
  Biburl                   = {http://dblp.org/rec/bib/conf/dialm/RickenbachW04},
  Crossref                 = {DBLP:conf/dialm/2004},
  Doi                      = {10.1145/1022630.1022640},
  Timestamp                = {Mon, 13 Feb 2006 15:31:29 +0100},
  Url                      = {http://doi.acm.org/10.1145/1022630.1022640}
}

@InProceedings{RTZ05,
  Title                    = {Deterministic Constructions of Approximate Distance Oracles and Spanners},
  Author                   = {Liam Roditty and
 Mikkel Thorup and
 Uri Zwick},
  Booktitle                = {Automata, Languages and Programming, 32nd International Colloquium,
 {ICALP} 2005, Lisbon, Portugal, July 11-15, 2005, Proceedings},
  Year                     = {2005},
  Pages                    = {261--272},

  Bibsource                = {dblp computer science bibliography, http://dblp.org},
  Biburl                   = {http://dblp.uni-trier.de/rec/bib/conf/icalp/RodittyTZ05},
  Crossref                 = {DBLP:conf/icalp/2005},
  Doi                      = {10.1007/11523468_22},
  Timestamp                = {Tue, 30 May 2017 16:36:52 +0200},
  Url                      = {https://doi.org/10.1007/11523468_22}
}

@InProceedings{Tal04,
  Title                    = {Bypassing the embedding: algorithms for low dimensional metrics},
  Author                   = {Kunal Talwar},
  Booktitle                = {Proceedings of the 36th Annual {ACM} Symposium on Theory of Computing,
 Chicago, IL, USA, June 13-16, 2004},
  Year                     = {2004},
  Pages                    = {281--290},

  Bibsource                = {dblp computer science bibliography, https://dblp.org},
  Biburl                   = {https://dblp.org/rec/conf/stoc/Talwar04.bib},
  Crossref                 = {DBLP:conf/stoc/2004},
  Doi                      = {10.1145/1007352.1007399},
  Timestamp                = {Tue, 06 Nov 2018 11:07:04 +0100},
  Url                      = {https://doi.org/10.1145/1007352.1007399}
}

@InProceedings{VWFME03,
  Title                    = {Priority-based distribution trees for application-level multicast},
  Author                   = {J{\"{u}}rgen Vogel and
 J{\"{o}}rg Widmer and
 Dirk Farin and
 Martin Mauve and
 Wolfgang Effelsberg},
  Booktitle                = {Proceedings of the 2nd Workshop on Network and System Support for
 Games, {NETGAMES} 2003, Redwood City, California, USA, May 22-23,
 2003},
  Year                     = {2003},
  Pages                    = {148--157},

  Bibsource                = {dblp computer science bibliography, http://dblp.org},
  Biburl                   = {http://dblp.uni-trier.de/rec/bib/conf/netgames/VogelWFME03},
  Crossref                 = {DBLP:conf/netgames/2003},
  Doi                      = {10.1145/963900.963914},
  Timestamp                = {Wed, 15 Feb 2006 10:03:39 +0100},
  Url                      = {http://doi.acm.org/10.1145/963900.963914}
}

@Book{HarPeled11,
  Title                    = {Geometric Approximation Algorithms},
  Author                   = {S.~Har-peled},
  Publisher                = {American Mathematical Society},
  Year                     = {2011},

  Doi                      = {10.5555/2031416},
  Owner                    = {hungle},
  Timestamp                = {2020.04.28}
}

@InProceedings{AH10,
  Title                    = {New Constructions of SSPDs and Their Applications},
  Author                   = {M.~A.~Abam and S.~Har-Peled},
  Booktitle                = {Proceedings of the 26th Annual Symposium on Computational Geometry},
  Year                     = {2010},
  Pages                    = {192–200},
  Series                   = {SoCG `10},

  Doi                      = {10.1145/1810959.1810993},
  Owner                    = {hungle},
  Timestamp                = {2020.04.28}
}

@InProceedings{AG06,
  Title                    = {Object Location Using Path Separators},
  Author                   = {I.~Abraham and C.~Gavoille},
  Booktitle                = {Proceedings of the Twenty-fifth Annual ACM Symposium on Principles of Distributed Computing},
  Year                     = {2006},
  Note                     = {Full version: \url{https://www.cse.huji.ac.il/~ittaia/papers/AG-TR.pdf}},
  Pages                    = {188--197},
  Series                   = {PODC '06},

  Doi                      = {10.1145/1146381.1146411},
  Owner                    = {hungl},
  Timestamp                = {2017.12.11}
}

@Article{AGGNT19,
  Title                    = {Cops, Robbers, and Threatening Skeletons: Padded Decomposition for
 Minor-Free Graphs},
  Author                   = {Ittai Abraham and
 Cyril Gavoille and
 Anupam Gupta and
 Ofer Neiman and
 Kunal Talwar},
  Journal                  = {{SIAM} J. Comput.},
  Year                     = {2019},
  Number                   = {3},
  Pages                    = {1120--1145},
  Volume                   = {48},

  Bibsource                = {dblp computer science bibliography, https://dblp.org},
  Biburl                   = {https://dblp.org/rec/journals/siamcomp/AbrahamGGNT19.bib},
  Doi                      = {10.1137/17M1112406},
  Timestamp                = {Wed, 24 Jul 2019 16:36:59 +0200},
  Url                      = {https://doi.org/10.1137/17M1112406}
}

@InProceedings{AGGNT14,
  Title                    = {Cops, Robbers, and Threatening Skeletons: {P}added Decomposition for Minor-Free Graphs},
  Author                   = {I.~Abraham and C.~Gavoille and A.~Gupta and O.~Neiman and K.~Talwar},
  Booktitle                = {Proceedings of the 46th Annual ACM Symposium on Theory of Computing},
  Year                     = {2014},
  Pages                    = {79–88},
  Series                   = {STOC `14},

  Doi                      = {10.1145/2591796.2591849},
  Owner                    = {hungle},
  Timestamp                = {2020.04.05}
}

@Article{AGMW10,
  Title                    = {Strong-Diameter Decompositions of Minor Free Graphs},
  Author                   = {I.~Abraham and C.~Gavoille and D.~Malkhi and U.~Wieder},
  Journal                  = {Theory of Computing Systems},
  Year                     = {2010},
  Number                   = {4},
  Pages                    = {837--855},
  Volume                   = {47},

  Doi                      = {10.1007/s00224-010-9283-6},
  Owner                    = {hungle},
  Timestamp                = {2020.04.05}
}

@InProceedings{ACL09,
  Title                    = {{PTAS} for $k$-Tour Cover Problem on the Plane for Moderately Large Values of $k$},
  Author                   = {A.~Adamaszek and A.~Czumaj and A.~Lingas},
  Booktitle                = {International Symposium on Algorithms and Computation},
  Year                     = {2009},
  Pages                    = {994--1003},
  Series                   = {ISAAC `09},

  Doi                      = {10.1007/978-3-642-10631-6_100},
  Owner                    = {hungle},
  Timestamp                = {2020.04.12}
}

@InProceedings{AFPVX17,
  Title                    = {Faster Algorithms for the Geometric Transportation Problem},
  Author                   = {P. K.~Agarwal and K. Fox and D. Panigrahi and K. R. Varadarajan and A. Xiao},
  Booktitle                = {33rd International Symposium on Computational Geometry},
  Year                     = {2017},
  Pages                    = {7:1--7:16},
  Series                   = {SoCG `17},
  Volume                   = {77},

  Doi                      = {10.4230/LIPIcs.SoCG.2017.7},
  Owner                    = {hungle},
  Timestamp                = {2020.04.28}
}

@InProceedings{AWY05,
  Title                    = {Lower bound for sparse {E}uclidean spanners},
  Author                   = {P.~K.~Agarwal and Y.~Wang and P.~Yin},
  Booktitle                = {Proc. of 16th SODA},
  Year                     = {2005},
  Pages                    = {670-671}
}

@Article{AGSHJKS19,
  Title                    = {Graph spanners: {A} tutorial review},
  Author                   = {R.~Ahmed and G.~Bodwin and F.~D.~Sahneh and K.~Hamm and M.~J.~L~Jebelli and S.~Kobourov and R.~Spence},
  Journal                  = {arXiv preprint arXiv:1909.03152},
  Year                     = {2019},
  Note                     = {\url{https://arxiv.org/abs/1909.03152}},

  Owner                    = {hungle},
  Timestamp                = {2020.04.15},
  Url                      = {https://arxiv.org/abs/1909.03152}
}

@Article{YY07,
  Title                    = {On the vertex arboricity of planar graphs of diameter two},
  Author                   = {Y.~Aifeng and Y.~Jinjiang},
  Journal                  = {Discrete Mathematics},
  Year                     = {2007},
  Number                   = {19-20},
  Pages                    = {2438-2447},
  Volume                   = {307},

  Owner                    = {hunglv},
  Timestamp                = {2016.02.12}
}

@Article{AW87,
  Title                    = {Maximum iduced forests of planar graphs},
  Author                   = {J.~Akiyama and M.~Watanabe},
  Journal                  = {Graphs and Combinatorics},
  Year                     = {1987},
  Number                   = {3},
  Pages                    = {201--202},
  Volume                   = {1},

  Doi                      = {10.1007/BF01788541},
  Owner                    = {hungl},
  Timestamp                = {2016.09.28}
}

@Article{AB79,
  Title                    = {A Conjecture on Planar Graphs},
  Author                   = {M.~O. Albertson and D.~M. Berman},
  Journal                  = {Graph Theory and Related Topics},
  Year                     = {1979},
  Pages                    = {357},

  Editors                  = {J.A. Bondy, and U.S.R. Murty},
  Owner                    = {hungl},
  Publisher                = {Academic Press},
  Timestamp                = {2017.04.10}
}

@Article{ADGM07,
  Title                    = {Partitioning planar graphs with costs and weights},
  Author                   = {Aleksandrov, Lyudmil and Djidjev, Hristo and Guo, Hua and Maheshwari, Anil},
  Journal                  = {Journal of Experimental Algorithmics (JEA)},
  Year                     = {2007},
  Pages                    = {1--5},
  Volume                   = {11},

  Date-added               = {2018-04-07 22:51:25 +0000},
  Date-modified            = {2018-04-07 22:52:00 +0000},
  Owner                    = {hungl},
  Timestamp                = {2018.04.23}
}

@Article{AMT01,
  Title                    = {Large induced forests in sparse graphs},
  Author                   = {N.~Alon and D.~Mubayi and R.~Thomas},
  Journal                  = {Journal of Graph Theory},
  Year                     = {2001},
  Number                   = {3},
  Pages                    = {113--123},
  Volume                   = {38},

  Doi                      = {10.1002/jgt.1028},
  Owner                    = {hungl},
  Timestamp                = {2016.10.27}
}

@Article{AST90,
  Title                    = {A separator theorem for nonplanar graphs},
  Author                   = {N.~Alon and P.~D. Seymour and R.~Thomas},
  Journal                  = {Journal of the American Mathematical Society},
  Year                     = {1990},
  Number                   = {4},
  Pages                    = {801--808},
  Volume                   = {3},

  Owner                    = {hungl},
  Timestamp                = {2017.03.28}
}

@InProceedings{ADFSW19,
  Title                    = {Constructing Light Spanners Deterministically in Near-Linear Time},
  Author                   = {S.~Alstrup and S.~Dahlgaard and A.~Filtser and M.~St{\"o}ckel and C.~Wulff-Nilsen},
  Booktitle                = {27th Annual European Symposium on Algorithms (ESA 2019)},
  Year                     = {2019},
  Pages                    = {4:1--4:15},

  Owner                    = {hungle},
  Timestamp                = {2020.03.19}
}

@InProceedings{DBLP:conf/esa/AlstrupDFSW19,
  Title                    = {Constructing Light Spanners Deterministically in Near-Linear Time},
  Author                   = {Stephen Alstrup and
 S{\o}ren Dahlgaard and
 Arnold Filtser and
 Morten St{\"{o}}ckel and
 Christian Wulff{-}Nilsen},
  Booktitle                = {27th Annual European Symposium on Algorithms, {ESA} 2019, September
 9-11, 2019, Munich/Garching, Germany},
  Year                     = {2019},
  Editor                   = {Michael A. Bender and
 Ola Svensson and
 Grzegorz Herman},
  Pages                    = {4:1--4:15},
  Publisher                = {Schloss Dagstuhl - Leibniz-Zentrum f{\"{u}}r Informatik},
  Series                   = {LIPIcs},
  Volume                   = {144}
}

@Article{ADDJS93,
  Title                    = {On Sparse Spanners of Weighted Graphs},
  Author                   = {I.~Alth\"{o}fer and G.~Das and D.~Dobkin and D.~Joseph and J.~Soares},
  Journal                  = {Discrete Computational Geometry},
  Year                     = {1993},
  Number                   = {1},
  Pages                    = {81--100},
  Volume                   = {9},

  Doi                      = {10.1007/BF02189308},
  Owner                    = {hungl},
  Timestamp                = {2017.03.15}
}

@InProceedings{ABCGHV05,
  Title                    = {Sparse Geometric Graphs with Small Dilation},
  Author                   = {B Aronov and M. Berg and O. Cheong and J. Gudmundsson and H. Haverkort and A.~Vigneron},
  Booktitle                = {International Symposium on Algorithms and Computation},
  Year                     = {2005},
  Pages                    = {50--59},
  Series                   = {ISAAC `05},

  Doi                      = {10.1007/11602613_7},
  Owner                    = {hungle},
  Timestamp                = {2020.04.28}
}

@InProceedings{ADMSS95,
  Title                    = {Euclidean Spanners: Short, Thin, and Lanky},
  Author                   = {S.~Arya and G.~Das and D.~M. Mount and J.~S. Salowe and M.~Smid},
  Booktitle                = {Proceedings of the Twenty-seventh Annual ACM Symposium on Theory of Computing},
  Year                     = {1995},
  Pages                    = {489--498},
  Series                   = {STOC '95},

  Owner                    = {hungl},
  Timestamp                = {2017.10.11}
}

@Article{AMS99,
  Title                    = {Dynamic algorithms for geometric spanners of small diameter: Randomized solutions},
  Author                   = {S.~Arya and D.~M.~Mount and M.~H.~M.~Smid},
  Journal                  = {Comput. Geom.},
  Year                     = {1999},
  Number                   = {2},
  Pages                    = {91-107},
  Volume                   = {13}
}

@InProceedings{AMS94,
  Title                    = {Randomized and deterministic
algorithms for geometric spanners of small diameter},
  Author                   = {S.~Arya and D.~M.~Mount and M.~H.~M.~Smid},
  Booktitle                = {Proc. of 35th FOCS},
  Year                     = {1994},
  Pages                    = {703-712}
}

@InProceedings{DBLP:conf/focs/AryaMS94,
  Title                    = {Randomized and deterministic algorithms for geometric spanners of
 small diameter},
  Author                   = {Sunil Arya and
 David M. Mount and
 Michiel H. M. Smid},
  Booktitle                = {35th Annual Symposium on Foundations of Computer Science, Santa Fe,
 New Mexico, USA, 20-22 November 1994},
  Year                     = {1994},
  Pages                    = {703--712},
  Publisher                = {{IEEE} Computer Society}
}

@Article{AS97,
  Title                    = {Efficient construction of a bounded degree spanner with low weight},
  Author                   = {S.~Arya and M.~H.~M.~Smid},
  Journal                  = {Algorithmica},
  Year                     = {1997},
  Number                   = {1},
  Pages                    = {33-54},
  Volume                   = {17}
}

@InProceedings{AS94,
  Title                    = {Efficient construction of a bounded degree spanner with low weight},
  Author                   = {S.~Arya and M.~H.~M.~Smid},
  Booktitle                = {Proc. of 2nd ESA},
  Year                     = {1994},
  Pages                    = {48-59}
}

@Article{AGKMMP04,
  Title                    = {Local Search Heuristics for $k$-Median and Facility Location Problems},
  Author                   = {V.~Arya and N.~Garg and R.~Khandekar and A.~Meyerson and K.~Munagala and V.~Pandit},
  Journal                  = {SIAM Journal on Computing},
  Year                     = {2004},
  Number                   = {3},
  Pages                    = {544--562},
  Volume                   = {33},

  Doi                      = {10.1137/S0097539702416402},
  Owner                    = {hungl},
  Timestamp                = {2018.04.25}
}

@InProceedings{AKTT97,
  Title                    = {Covering Points in the Plane by $K$-Tours: {T}owards a Polynomial Time Approximation Scheme for General $k$},
  Author                   = {T.~Asano and N.~Katoh and H.~Tamaki and T.~Tokuyama},
  Booktitle                = {Proceedings of the 29thh Annual ACM Symposium on Theory of Computing},
  Year                     = {1997},
  Pages                    = {275–283},
  Series                   = {STOC `97},

  Doi                      = {10.1145/258533.258602},
  Owner                    = {hungle},
  Timestamp                = {2020.04.02}
}

@Article{Assouad83,
  Title                    = {Plongements lipschitziens dans $\mathbb{R}^n$},
  Author                   = {P.~Assouad},
  Journal                  = {Soci\'{e}t\'{e} math\'{e}matique de France},
  Year                     = {1983},
  Pages                    = {429-448},
  Volume                   = {111},

  Owner                    = {hungl},
  Timestamp                = {2017.10.11}
}

@InProceedings{Awerbuch85,
  Title                    = {Communication-Time Trade-Offs in Network Synchronization},
  Author                   = {Baruch Awerbuch},
  Booktitle                = {Proc. of 4th PODC},
  Year                     = {1985},
  Pages                    = {272-276}
}

@Article{ABP91,
  Title                    = {Efficient Broadcast and Light-Weight Spanners},
  Author                   = {B.~Awerbuch and A.~Baratz and D.~Peleg},
  Journal                  = {Technical Report CS92-22, Weizmann Institute},
  Year                     = {October, 1992}
}

@InProceedings{ABP90,
  Title                    = {Cost-sensitive analysis of
communication protocols},
  Author                   = {B.~Awerbuch and A.~Baratz and D.~Peleg},
  Booktitle                = {Proc. of 9th PODC},
  Year                     = {1990},
  Pages                    = {177-187}
}

@InProceedings{ALGP89,
  Title                    = {Network Decomposition and Locality in Distributed Computation},
  Author                   = {B.~Awerbuch and M.~Luby and A.~V. Goldberg and S.~A. Plotkin},
  Booktitle                = {Proceedings of the 30th Annual Symposium on Foundations of Computer Science},
  Year                     = {1989},
  Pages                    = {364--369},
  Series                   = {FOCS '89},

  Doi                      = {10.1109/SFCS.1989.63504},
  Owner                    = {hungl},
  Timestamp                = {2017.03.17}
}

@Article{BBF99,
  Title                    = {A 2-Approximation Algorithm for the Undirected Feedback Vertex Set Problem},
  Author                   = {V.~Bafna and P.~Berman and T.~Fujito},
  Journal                  = {SIAM Journal on Discrete Mathematics},
  Year                     = {1999},
  Number                   = {3},
  Pages                    = {289--297},
  Volume                   = {12},

  Doi                      = {10.1137/S0895480196305124},
  Owner                    = {hungl},
  Timestamp                = {2017.04.11}
}

@Article{Baker94,
  Title                    = {Approximation Algorithms for {NP}-complete Problems on Planar Graphs},
  Author                   = {B.~S. Baker},
  Journal                  = {Journal of the ACM},
  Year                     = {1994},
  Number                   = {1},
  Pages                    = {153--180},
  Volume                   = {41},

  Doi                      = {10.1145/174644.174650},
  Owner                    = {hungl},
  Timestamp                = {2017.03.29}
}

@InProceedings{DBLP:conf/wads/Bar-OnC17,
  Title                    = {{\textbackslash}delta -Greedy t-spanner},
  Author                   = {Gali Bar{-}On and
 Paz Carmi},
  Booktitle                = {Algorithms and Data Structures - 15th International Symposium, {WADS}
 2017, St. John's, NL, Canada, July 31 - August 2, 2017, Proceedings},
  Year                     = {2017},
  Editor                   = {Faith Ellen and
 Antonina Kolokolova and
 J{\"{o}}rg{-}R{\"{u}}diger Sack},
  Pages                    = {85--96},
  Publisher                = {Springer},
  Series                   = {Lecture Notes in Computer Science},
  Volume                   = {10389}
}

@InProceedings{BBDFKORTVX14,
  Title                    = {New and Improved Spanning Ratios for Yao Graphs},
  Author                   = {Luis Barba and
 Prosenjit Bose and
 Mirela Damian and
 Rolf Fagerberg and
 Wah Loon Keng and
 Joseph O'Rourke and
 Andr{\'{e}} van Renssen and
 Perouz Taslakian and
 Sander Verdonschot and
 Ge Xia},
  Booktitle                = {30th Annual Symposium on Computational Geometry, SOCG'14, Kyoto, Japan,
 June 08 - 11, 2014},
  Year                     = {2014},
  Pages                    = {30}
}

@Article{BFN19,
  Title                    = {On notions of distortion and an almost minimum spanning tree with
 constant average distortion},
  Author                   = {Yair Bartal and
 Arnold Filtser and
 Ofer Neiman},
  Journal                  = {J. Comput. Syst. Sci.},
  Year                     = {2019},
  Note                     = {preliminary version published in SODA 2016},
  Pages                    = {116--129},
  Volume                   = {105},

  Bibsource                = {dblp computer science bibliography, https://dblp.org},
  Biburl                   = {https://dblp.org/rec/journals/jcss/BartalFN19.bib},
  Doi                      = {10.1016/j.jcss.2019.04.006},
  Timestamp                = {Fri, 12 Jul 2019 15:54:24 +0200},
  Url                      = {https://doi.org/10.1016/j.jcss.2019.04.006}
}

@InProceedings{BartalG13,
  Title                    = {A Linear Time Approximation Scheme for Euclidean {TSP}},
  Author                   = {Yair Bartal and
 Lee{-}Ad Gottlieb},
  Booktitle                = {FOCS},
  Year                     = {2013},
  Pages                    = {698--706},

  Bibsource                = {dblp computer science bibliography, https://dblp.org},
  Biburl                   = {https://dblp.org/rec/conf/focs/BartalG13.bib},
  Doi                      = {10.1109/FOCS.2013.80},
  Timestamp                = {Wed, 16 Oct 2019 14:14:54 +0200},
  Url                      = {https://doi.org/10.1109/FOCS.2013.80}
}

@Article{BGK16,
  Title                    = {The Traveling Salesman Problem: Low-Dimensionality Implies a Polynomial
 Time Approximation Scheme},
  Author                   = {Yair Bartal and
 Lee{-}Ad Gottlieb and
 Robert Krauthgamer},
  Journal                  = {{SIAM} J. Comput.},
  Year                     = {2016},
  Number                   = {4},
  Pages                    = {1563--1581},
  Volume                   = {45},

  Bibsource                = {dblp computer science bibliography, https://dblp.org},
  Biburl                   = {https://dblp.org/rec/journals/siamcomp/BartalGK16.bib},
  Doi                      = {10.1137/130913328},
  Timestamp                = {Sat, 27 May 2017 14:22:59 +0200},
  Url                      = {https://doi.org/10.1137/130913328}
}

@InProceedings{BGNR94,
  Title                    = {Approximation Algorithms for the Vertex Feedback Set Problem with Applications to Constraint Satisfaction and Bayesian Inference},
  Author                   = {R.~Bar-Yehuda and D.~Geiger and J.~Naor and R.~M. Roth},
  Booktitle                = {Proceedings of the 5th Annual ACM-SIAM Symposium on Discrete Algorithms},
  Year                     = {1994},
  Pages                    = {344--354},
  Series                   = {SODA '94},

  Owner                    = {hungl},
  Timestamp                = {2017.04.11}
}

@InProceedings{BCEHKM11,
  Title                    = {Prize-collecting Steiner Problems on Planar Graphs},
  Author                   = {M.~Bateni and C.~Chekuri and A.~Ene and M.~Hajiaghayi and N.~Korula and D.~Marx},
  Booktitle                = {Proceedings of the 22nd Annual ACM-SIAM Symposium on Discrete Algorithms},
  Year                     = {2011},
  Pages                    = {1028--1049},
  Series                   = {SODA '11},

  Owner                    = {hungl},
  Timestamp                = {2018.04.04}
}

@Article{BHM11,
  Title                    = {Approximation Schemes for {S}teiner Forest on Planar Graphs and Graphs of Bounded Treewidth},
  Author                   = {M.~Bateni and M.~Hajiaghayi and D.~Marx},
  Journal                  = {Journal of the ACM (JACM)},
  Year                     = {2011},
  Number                   = {5},
  Pages                    = {21:1--21:37},
  Volume                   = {58},

  Doi                      = {10.1145/2027216.2027219},
  Owner                    = {hungl},
  Timestamp                = {2018.04.04}
}

@InProceedings{BD13,
  Title                    = {An Infinite Class of Sparse-Yao Spanners},
  Author                   = {Matthew Bauer and
 Mirela Damian},
  Booktitle                = {Proceedings of the Twenty-Fourth Annual {ACM-SIAM} Symposium on Discrete
 Algorithms, {SODA} 2013, New Orleans, Louisiana, USA, January 6-8,
 2013},
  Year                     = {2013},
  Pages                    = {184--196}
}

@Article{BHM59,
  Title                    = {The shortest path through many points},
  Author                   = {J.~Beardwood and J.~H.~Halton and J.~M.~Hammersley},
  Journal                  = {Mathematical Proceedings of the Cambridge Philosophical Society},
  Year                     = {1959},
  Number                   = {4},
  Pages                    = {299--327},
  Volume                   = {55},

  Doi                      = {10.1017/s0305004100034095},
  Owner                    = {hungle},
  Timestamp                = {2020.04.26}
}

@InProceedings{Becker18,
  Title                    = {A Tight 4/3 Approximation for Capacitated Vehicle Routing in Trees},
  Author                   = {A.~Becker},
  Booktitle                = {Approximation, Randomization, and Combinatorial Optimization. Algorithms and Techniques (APPROX/RANDOM 2018)},
  Year                     = {2018},
  Editor                   = {118},
  Pages                    = {3:1--3:15},

  Doi                      = {10.4230/LIPIcs.APPROX-RANDOM.2018.3},
  Owner                    = {hungle},
  Timestamp                = {2020.04.12}
}

@InProceedings{Becker94,
  Title                    = {Approximation Algorithms for the Loop Cutset Problem},
  Author                   = {A.~Becker},
  Booktitle                = {Proceedings of the 10th International Conference on Uncertainty in Artificial Intelligence},
  Year                     = {1994},
  Pages                    = {60--68},
  Series                   = {UAI '94},

  Owner                    = {hungl},
  Timestamp                = {2017.04.11}
}

@InProceedings{BFKM17,
  Title                    = {Engineering an Approximation Scheme for Traveling Salesman in Planar Graphs},
  Author                   = {Becker, Amariah and Fox-Epstein, Eli and Klein, Philip N and Meierfrankenfeld, David},
  Booktitle                = {LIPIcs-Leibniz International Proceedings in Informatics},
  Year                     = {2017},
  Volume                   = {75},

  Date-added               = {2018-03-21 20:59:20 +0000},
  Date-modified            = {2018-03-21 21:01:47 +0000},
  Owner                    = {hungl},
  Timestamp                = {2018.04.23}
}

@Article{BG96,
  Title                    = {Optimization of {P}earl's method of conditioning and greedy-like approximation algorithms for the vertex feedback set problem},
  Author                   = {A. Becker and D. Geiger},
  Journal                  = {Artificial Intelligence},
  Year                     = {1996},
  Number                   = {1},
  Pages                    = {167--188},
  Volume                   = {83},

  Date-added               = {2017-06-23 17:41:45 +0000},
  Date-modified            = {2018-04-17 16:32:06 +0000},
  Owner                    = {hungl},
  Timestamp                = {2018.04.23}
}

@InProceedings{BG94,
  Title                    = {Approximation algorithms for the loop cutset problem},
  Author                   = {Becker, Ann and Geiger, Dan},
  Booktitle                = {Uncertainty Proceedings 1994},
  Year                     = {1994},
  Pages                    = {60--68},

  Date-added               = {2018-03-25 22:09:09 +0000},
  Date-modified            = {2018-03-25 22:10:27 +0000},
  Owner                    = {hungl},
  Timestamp                = {2018.04.23}
}

@InProceedings{BKS18,
  Title                    = {Polynomial-Time Approximation Schemes for $k$-center, $k$-median, and Capacitated Vehicle Routing in Bounded Highway Dimension},
  Author                   = {A.~Becker and P.~N.~Klein and D.~Saulpic},
  Booktitle                = {26th Annual European Symposium on Algorithms},
  Year                     = {2018},
  Pages                    = {8:1--8:15},
  Series                   = {ESA `18},
  Volume                   = {112},

  Doi                      = {10.4230/LIPIcs.ESA.2018.8},
  Owner                    = {hungle},
  Timestamp                = {2020.04.03}
}

@InProceedings{BKS17,
  Title                    = {A Quasi-Polynomial-Time Approximation Scheme for Vehicle Routing on Planar and Bounded-Genus Graphs},
  Author                   = {A.~Becker and P.~N.~Klein and D.~Saulpic},
  Booktitle                = {25th Annual European Symposium on Algorithms},
  Year                     = {2017},
  Pages                    = {12:1--12:15},
  Series                   = {ESA `17},
  Volume                   = {87},

  Doi                      = {10.4230/LIPIcs.ESA.2017.12},
  Owner                    = {hungle},
  Timestamp                = {2020.04.02}
}

@InProceedings{BKS19,
  Title                    = {A {PTAS} for Bounded-Capacity Vehicle Routing in Planar Graphs},
  Author                   = {A.~Becker and P.~N.~Klein and A.~Schild},
  Booktitle                = {Algorithms and Data Structures},
  Year                     = {2019},
  Pages                    = {99--111},
  Series                   = {WADS `19},

  Doi                      = {10.1007/978-3-030-24766-9_8},
  Owner                    = {hungle},
  Timestamp                = {2020.04.02}
}

@InProceedings{BP19,
  Title                    = {A Framework for Vehicle Routing Approximation Schemes in Trees},
  Author                   = {A.~Becker and A.~Paul},
  Booktitle                = {Algorithms and Data Structures},
  Year                     = {2019},
  Pages                    = {112--125},
  Series                   = {WADS `19},

  Doi                      = {10.1007/978-3-030-24766-9_9},
  Owner                    = {hungle},
  Timestamp                = {2020.04.12}
}

@Article{DBLP:journals/comgeo/BenkertWWS06,
  Title                    = {The minimum Manhattan network problem: Approximations and exact solutions},
  Author                   = {Marc Benkert and
 Alexander Wolff and
 Florian Widmann and
 Takeshi Shirabe},
  Journal                  = {Comput. Geom.},
  Year                     = {2006},
  Number                   = {3},
  Pages                    = {188--208},
  Volume                   = {35}
}

@Article{BT20,
  Title                    = {On Euclidean Steiner (1+{\(\epsilon\)})-Spanners},
  Author                   = {Sujoy Bhore and
 Csaba D. T{\'{o}}th},
  Journal                  = {CoRR},
  Year                     = {2020},
  Volume                   = {abs/2010.02908},

  Archiveprefix            = {arXiv},
  Bibsource                = {dblp computer science bibliography, https://dblp.org},
  Biburl                   = {https://dblp.org/rec/journals/corr/abs-2010-02908.bib},
  Eprint                   = {2010.02908},
  Timestamp                = {Tue, 13 Oct 2020 15:25:23 +0200},
  Url                      = {https://arxiv.org/abs/2010.02908}
}

@InProceedings{BT21B,
  author =	{S.~Bhore and C.~D.~T\'{o}th},
  title =	{{On Euclidean Steiner $(1+\epsilon)$-Spanners}},
  booktitle =	{38th International Symposium on Theoretical Aspects of Computer Science (STACS 2021)},
  pages =	{13:1--13:16},
  year =	{2021},
  doi =		{10.4230/LIPIcs.STACS.2021.13},
}

@Article{biniaz2020plane,
  Title                    = {Plane hop spanners for unit disk graphs: Simpler and better},
  Author                   = {Biniaz, Ahmad},
  Journal                  = {Computational Geometry},
  Year                     = {2020},
  Pages                    = {101622},
  Volume                   = {89},

  Publisher                = {Elsevier}
}

@InProceedings{Bodlaender88,
  Title                    = {Dynamic programming on graphs with bounded treewidth},
  Author                   = {H.~L Bodlaender},
  Booktitle                = {The 15th International Colloquium on Automata, Languages and Programming},
  Year                     = {1988},
  Pages                    = {105--118},
  Series                   = {ICALP '88},

  Doi                      = {10.1007/3-540-19488-6_110},
  Owner                    = {hungl},
  Timestamp                = {2017.12.21}
}

@Article{BCKN15,
  Title                    = {Deterministic single exponential time algorithms for connectivity problems parameterized by treewidth},
  Author                   = {H.~L. Bodlaender and M.~Cygan and S.~Kratsch and J.~Nederlof},
  Journal                  = {Information and Computation},
  Year                     = {2015},
  Number                   = {Supplement C},
  Pages                    = {86--111},
  Volume                   = {243},

  Doi                      = {10.1016/j.ic.2014.12.008},
  Owner                    = {hungl},
  Timestamp                = {2017.12.21}
}

@Article{BFLPST16,
  Title                    = {(Meta) kernelization},
  Author                   = {Bodlaender, Hans L and Fomin, Fedor V and Lokshtanov, Daniel and Penninkx, Eelko and Saurabh, Saket and Thilikos, Dimitrios M},
  Journal                  = {Journal of the ACM (JACM)},
  Year                     = {2016},
  Number                   = {5},
  Pages                    = {44},
  Volume                   = {63},

  Date-added               = {2018-04-19 16:50:11 +0000},
  Date-modified            = {2018-04-19 16:51:36 +0000},
  Owner                    = {hungl},
  Timestamp                = {2018.04.23}
}

@InProceedings{Bodwin17,
  Title                    = {Linear Size Distance Preservers},
  Author                   = {G.~Bodwin},
  Booktitle                = {Proceedings of the 28th Annual ACM-SIAM Symposium on Discrete Algorithms},
  Year                     = {2017},
  Pages                    = {600--615},
  Series                   = {SODA '17},

  Owner                    = {hungl},
  Timestamp                = {2018.03.12}
}

@InProceedings{BW16,
  Title                    = {Better Distance Preservers and Additive Spanners},
  Author                   = {G.~Bodwin and V.~V. Williams},
  Booktitle                = {Proceedings of the Twenty-seventh Annual ACM-SIAM Symposium on Discrete Algorithms},
  Year                     = {2016},
  Pages                    = {855--872},
  Series                   = {SODA '16},

  Owner                    = {hungl},
  Timestamp                = {2018.03.12}
}

@Article{BMT13,
  Title                    = {A branch-and-cut algorithm for the Multiple Steiner {TSP} with Order
 constraints},
  Author                   = {Sylvie Borne and
 Ali Ridha Mahjoub and
 Raouia Taktak},
  Journal                  = {Electron. Notes Discret. Math.},
  Year                     = {2013},
  Pages                    = {487--494},
  Volume                   = {41},

  Bibsource                = {dblp computer science bibliography, https://dblp.org},
  Biburl                   = {https://dblp.org/rec/journals/endm/BorneMT13.bib},
  Doi                      = {10.1016/j.endm.2013.05.129},
  Timestamp                = {Thu, 20 Feb 2020 15:44:36 +0100},
  Url                      = {https://doi.org/10.1016/j.endm.2013.05.129}
}

@Article{Borodin79,
  Title                    = {On acyclic colorings of planar graphs},
  Author                   = {O.~V. Borodin},
  Journal                  = {Discrete Mathematics},
  Year                     = {1979},
  Number                   = {3},
  Pages                    = {211--236},
  Volume                   = {25},

  Doi                      = {http://dx.doi.org/10.1016/0012-365X(79)90077-3},
  Owner                    = {hungl},
  Timestamp                = {2016.10.27}
}

@Misc{Borradaile13,
  Title                    = {{TSP} in 1-planar graphs},

  Author                   = {G. Borradaile},
  HowPublished             = {http://blogs.oregonstate.edu/glencora/2013/11/01/tsp-1-planar-graphs/, accessed 10/2018},
  Year                     = {2013},

  Owner                    = {hungle},
  Timestamp                = {2018.10.30}
}

@Article{BDT14,
  Title                    = {Polynomial-Time Approximation Schemes for Subset-Connectivity Problems in Bounded-Genus Graphs},
  Author                   = {G.~Borradaile and E.~D. Demaine and S.~Tazari},
  Journal                  = {Algorithmica},
  Year                     = {2014},
  Number                   = {2},
  Pages                    = {287--311},
  Volume                   = {68},

  Doi                      = {10.1007/s00453-012-9662-2},
  Owner                    = {hungl},
  Timestamp                = {2017.03.15}
}

@InProceedings{BKK07,
  Title                    = {A Polynomial-Time Approximation Scheme for Steiner Tree in Planar Graphs},
  Author                   = {G.~Borradaile and C.~Kenyon-Mathieu and P.~Klein},
  Booktitle                = {Proceedings of the Eighteenth Annual ACM-SIAM Symposium on Discrete Algorithms},
  Year                     = {2007},
  Pages                    = {1285--1294},
  Series                   = {SODA `07},

  Doi                      = {10.5555/1283383.1283521},
  Owner                    = {hungle},
  Timestamp                = {2020.04.09}
}

@Article{BK16,
  Title                    = {The Two-Edge Connectivity Survivable-Network Design Problem in Planar Graphs},
  Author                   = {G.~Borradaile and P.~Klein},
  Journal                  = {ACM Transactions on Algorithms (TALG)},
  Year                     = {2016},
  Number                   = {3},
  Pages                    = {30:1--30:29},
  Volume                   = {12},

  Doi                      = {10.1145/2831235},
  Owner                    = {hungl},
  Timestamp                = {2018.04.04}
}

@InProceedings{BK06,
  Title                    = {An ${O}(n \log n)$-time algorithm for maximum $st$-flow in a directed planar graph},
  Author                   = {G. Borradaile and P. Klein},
  Booktitle                = {Proceedings of the 17th Annual ACM-SIAM Symposium on Discrete Algorithms},
  Year                     = {2006},
  Pages                    = {524--533},

  Bdsk-url-1               = {http://dx.doi.org/10.1145/1109557.1109615},
  Doi                      = {10.1145/1109557.1109615},
  Owner                    = {hungl},
  Timestamp                = {2017.04.10}
}

@Article{BKM09,
  Title                    = {An ${O}(n \log n)$ Approximation Scheme for Steiner Tree in Planar Graphs},
  Author                   = {G.~Borradaile and P.~Klein and C.~Mathieu},
  Journal                  = {ACM Transactions on Algorithms (TALG)},
  Year                     = {2009},
  Number                   = {3},
  Pages                    = {31:1--31:31},
  Volume                   = {5},

  Doi                      = {10.1145/1541885.1541892},
  Owner                    = {hungl},
  Timestamp                = {2018.04.04}
}

@Article{BL17,
  Title                    = {Light spanners for bounded treewidth graphs imply light spanners for $H$-minor-free graphs},
  Author                   = {G. Borradaile and H. Le},
  Journal                  = {CoRR},
  Year                     = {2017},
  Volume                   = {abs/1703.10633},

  Owner                    = {hungl},
  Timestamp                = {2017.04.03},
  Url                      = {http://arxiv.org/abs/1207.0016}
}

@InProceedings{BL16,
  Title                    = {Optimal dynamic program for $r$-domination problems over tree decompositions},
  Author                   = {G.~Borradaile and H.~Le},
  Booktitle                = {Proceedings of the 11th International Symposium on Parameterized and Exact Computation},
  Year                     = {2016},
  Pages                    = {8:1--8:23},
  Series                   = {IPEC' 16},

  Owner                    = {hungl},
  Timestamp                = {2016.12.26}
}

@InProceedings{BLW19,
  Title                    = {Greedy spanners are optimal in doubling metrics},
  Author                   = {G.~Borradaile and H.~Le and C.~Wulff{-}Nilsen},
  Booktitle                = {Proceedings of the 30th Annual ACM-SIAM Symposium on Discrete Algorithms},
  Year                     = {2019},
  Pages                    = {2371-2379},
  Series                   = {SODA `19},

  Doi                      = {10.1137/1.9781611975482.145},
  Owner                    = {hungle},
  Timestamp                = {2020.04.03}
}

@InProceedings{BLW17,
  Title                    = {Minor-free graphs have light spanners},
  Author                   = {G. Borradaile and H. Le and C. Wulff{-}Nilsen},
  Booktitle                = {2017 IEEE 58th Annual Symposium on Foundations of Computer Science},
  Year                     = {2017},
  Pages                    = {767-778},
  Series                   = {FOCS '17},

  Doi                      = {10.1109/FOCS.2017.76},
  Owner                    = {hungl},
  Timestamp                = {2017.10.11}
}

@InProceedings{DBLP:conf/wads/BoseCCSX07,
  Title                    = {On a Family of Strong Geometric Spanners That Admit Local Routing
 Strategies},
  Author                   = {Prosenjit Bose and
 Paz Carmi and
 Mathieu Couture and
 Michiel H. M. Smid and
 Daming Xu},
  Booktitle                = {Algorithms and Data Structures, 10th International Workshop, {WADS}
 2007, Halifax, Canada, August 15-17, 2007, Proceedings},
  Year                     = {2007},
  Editor                   = {Frank K. H. A. Dehne and
 J{\"{o}}rg{-}R{\"{u}}diger Sack and
 Norbert Zeh},
  Pages                    = {300--311},
  Publisher                = {Springer},
  Series                   = {Lecture Notes in Computer Science},
  Volume                   = {4619}
}

@Article{BCFMS10,
  Title                    = {Computing the Greedy Spanner in Near-Quadratic Time},
  Author                   = {Prosenjit Bose and
 Paz Carmi and
 Mohammad Farshi and
 Anil Maheshwari and
 Michiel H. M. Smid},
  Journal                  = {Algorithmica},
  Year                     = {2010},
  Number                   = {3},
  Pages                    = {711--729},
  Volume                   = {58}
}

@InProceedings{BCHS19,
  Title                    = {On the Spanning and Routing Ratio of Theta-Four},
  Author                   = {Prosenjit Bose and
 Jean{-}Lou De Carufel and
 Darryl Hill and
 Michiel H. M. Smid},
  Booktitle                = {Proceedings of the Thirtieth Annual {ACM-SIAM} Symposium on Discrete
 Algorithms, {SODA} 2019, San Diego, California, USA, January 6-9,
 2019},
  Year                     = {2019},
  Pages                    = {2361--2370}
}

@Article{BDDOSSW12,
  Title                    = {{\(\pi\)}/2-Angle Yao Graphs are Spanners},
  Author                   = {Prosenjit Bose and
 Mirela Damian and
 Karim Dou{\"{\i}}eb and
 Joseph O'Rourke and
 Ben Seamone and
 Michiel H. M. Smid and
 Stefanie Wuhrer},
  Journal                  = {Int. J. Comput. Geometry Appl.},
  Year                     = {2012},
  Number                   = {1},
  Pages                    = {61--82},
  Volume                   = {22}
}

@Article{DBLP:journals/comgeo/BoseDLSV11,
  Title                    = {Almost all Delaunay triangulations have stretch factor greater than
 pi/2},
  Author                   = {Prosenjit Bose and
 Luc Devroye and
 Maarten L{\"{o}}ffler and
 Jack Snoeyink and
 Vishal Verma},
  Journal                  = {Comput. Geom.},
  Year                     = {2011},
  Number                   = {2},
  Pages                    = {121--127},
  Volume                   = {44}
}

@InProceedings{BR14,
  Title                    = {Upper Bounds on the Spanning Ratio of Constrained Theta-Graphs},
  Author                   = {Prosenjit Bose and
 Andr{\'{e}} van Renssen},
  Booktitle                = {{LATIN} 2014: Theoretical Informatics - 11th Latin American Symposium,
 Montevideo, Uruguay, March 31 - April 4, 2014. Proceedings},
  Year                     = {2014},
  Pages                    = {108--119}
}

@Article{Bou85,
  Title                    = {On lipschitz embedding of finite metric spaces in Hilbert space},
  Author                   = {Bourgain, J.},
  Journal                  = {Israel Journal of Mathematics},
  Year                     = {1985},
  Number                   = {1-2},
  Pages                    = {46-52},
  Volume                   = {52},

  Doi                      = {10.1007/BF02776078},
  ISSN                     = {0021-2172},
  Language                 = {English},
  Publisher                = {Springer-Verlag},
  Url                      = {http://dx.doi.org/10.1007/BF02776078}
}

@Article{BM04,
  Title                    = {On the cutting edge: Simplified {O}(n) planarity by edge addition.},
  Author                   = {Boyer, John M and Myrvold, Wendy J},
  Journal                  = {J. Graph Algorithms Appl.},
  Year                     = {2004},
  Number                   = {2},
  Pages                    = {241-273},
  Volume                   = {8},

  Date-added               = {2018-03-29 23:00:50 +0000},
  Date-modified            = {2018-03-29 23:09:22 +0000},
  Owner                    = {hungl},
  Timestamp                = {2018.04.23}
}

@InProceedings{BKRCV02,
  Title                    = {Opus: an Overlay Peer Utility Service},
  Author                   = {R.~Braynard and D.~Kostic and A.~Rodriguez and J.~Chase and A.~Vahdat},
  Booktitle                = {Prof. of 5th OPENARCH},
  Year                     = {2002}
}

@Article{BMT00,
  Title                    = {Solving the feedback vertex set problem on undirected graphs},
  Author                   = {Brunetta, Lorenzo and Maffioli, Francesco and Trubian, Marco},
  Journal                  = {Discrete Applied Mathematics},
  Year                     = {2000},
  Number                   = {1-3},
  Pages                    = {37--51},
  Volume                   = {101},

  Date-added               = {2018-03-21 18:06:06 +0000},
  Date-modified            = {2018-03-21 18:07:30 +0000},
  Owner                    = {hungl},
  Timestamp                = {2018.04.23}
}

@Misc{Buchin08,
  Title                    = {Delaunay triangulations in linear time? (part {I})},

  Author                   = {K.~Buchin},
  HowPublished             = {arXiv preprint arXiv:0812.0387},
  Note                     = {https://arxiv.org/abs/0812.0387},
  Year                     = {2008},

  Owner                    = {hungle},
  Timestamp                = {2020.04.28}
}

@InProceedings{BM09,
  Title                    = {Linear-time Delaunay triangulations simplified},
  Author                   = {K.~Buchin and W.~Mulzer},
  Booktitle                = {25th European Workshop on Computational Geometry},
  Year                     = {2009},
  Pages                    = {235--238},
  Series                   = {EuroCG '09},

  Owner                    = {hungle},
  Timestamp                = {2020.04.28}
}

@InProceedings{BCIS05,
  Title                    = {Low-Distortion Embeddings of General Metrics into the Line},
  Author                   = {M.~Bundefineddoiu and J.~Chuzhoy and P.~Indyk and A.~Sidiropoulos},
  Booktitle                = {Proceedings of the 37th Annual ACM Symposium on Theory of Computing},
  Year                     = {2005},
  Pages                    = {225–233},
  Series                   = {STOC `05},

  Doi                      = {10.1145/1060590.1060624},
  Owner                    = {hungle},
  Timestamp                = {2020.04.28}
}

@InProceedings{BGRS10,
  Title                    = {An improved {LP}-based approximation for Steiner tree},
  Author                   = {J.~Byrka and F.~Grandoni and T.~Rothvo{\ss} and L.~Sanit{\`a}},
  Booktitle                = {Proceedings of the 42nd ACM symposium on Theory of Computing},
  Year                     = {2010},
  Pages                    = {583--592},
  Series                   = {STOC '10},

  Owner                    = {hungl},
  Timestamp                = {2017.12.04}
}

@Article{CCE13,
  Title                    = {Multiple-source shortest paths in embedded graphs},
  Author                   = {S.~Cabello and E.~W. Chambers and J.~Erickson},
  Journal                  = {SIAM Journal on Computing},
  Year                     = {2013},
  Number                   = {4},
  Pages                    = {1542--1571},
  Volume                   = {42},

  Owner                    = {hungl},
  Timestamp                = {2017.04.10}
}

@Article{CG15,
  Title                    = {Simple {PTAS}'s for Families of Graphs Excluding a Minor},
  Author                   = {S.~Cabello and D.~Gajser},
  Journal                  = {Discrete Applied Mathematics},
  Year                     = {2015},
  Number                   = {C},
  Pages                    = {41--48},
  Volume                   = {189},

  Bdsk-url-1               = {http://dx.doi.org/10.1016/j.dam.2015.03.004},
  Date-modified            = {2017-03-16 22:30:44 +0000},
  Doi                      = {10.1016/j.dam.2015.03.004},
  Owner                    = {hungl},
  Timestamp                = {2016.12.26}
}

@InProceedings{CFLSS18,
  Title                    = {Algorithms for Low-Distortion Embeddings into Arbitrary 1-Dimensional Spaces},
  Author                   = {T. Carpenter and F. V. Fomin and D. Lokshtanov and S. Saurabh and A. Sidiropoulos},
  Booktitle                = {34th International Symposium on Computational Geometry},
  Year                     = {2018},
  Pages                    = {21:1--21:14},
  Series                   = {SoCG `2018},

  Doi                      = {10.4230/LIPIcs.SoCG.2018.21},
  Owner                    = {hungle},
  Timestamp                = {2020.04.28}
}

@InProceedings{CG06,
  Title                    = {Small hop-diameter sparse spanners for doubling metrics},
  Author                   = {H.~T.-H.~Chan and A.~Gupta},
  Booktitle                = {Proc. of 17th SODA},
  Year                     = {2006},
  Pages                    = {70-78}
}

@Article{Chan08,
  Title                    = {Well-separated pair decomposition in linear time?},
  Author                   = {T.~Chan},
  Journal                  = {Information Processing Letters},
  Year                     = {2008},
  Number                   = {5},
  Pages                    = {138--141},
  Volume                   = {107},

  Doi                      = {10.1016/j.ipl.2008.02.008},
  Owner                    = {hungle},
  Timestamp                = {2020.04.22}
}

@Article{CGMZ16,
  Title                    = {On Hierarchical Routing in Doubling Metrics},
  Author                   = {T.{-}H. Hubert Chan and
 Anupam Gupta and
 Bruce M. Maggs and
 Shuheng Zhou},
  Journal                  = {{ACM} Trans. Algorithms},
  Year                     = {2016},
  Note                     = {{Preliminary version appeared in SODA 2005.}},
  Number                   = {4},
  Pages                    = {55:1--55:22},
  Volume                   = {12}
}

@InProceedings{CH09,
  Title                    = {Approximation algorithms for maximum independent set of pseudo-disks},
  Author                   = {T. M. Chan and S.~Har-Peled},
  Booktitle                = {Proceedings of the Twenty-fifth Annual Symposium on Computational Geometry},
  Year                     = {2009},
  Pages                    = {333--340},
  Series                   = {SocG'09},

  Bdsk-url-1               = {http://dx.doi.org/10.1145/1542362.1542420},
  Date-modified            = {2017-03-16 22:34:25 +0000},
  Doi                      = {10.1145/1542362.1542420},
  Owner                    = {hungl},
  Timestamp                = {2016.12.26}
}

@InProceedings{CXKR06,
  Title                    = {A Tight Lower Bound for the Steiner Point Removal Problem on Trees},
  Author                   = {Chan, T.-H. and Xia, Donglin and Konjevod, Goran and Richa, Andrea},
  Booktitle                = {Proceedings of the 9th International Conference on Approximation Algorithms for Combinatorial Optimization Problems, and 10th International Conference on Randomization and Computation},
  Year                     = {2006},

  Address                  = {Berlin, Heidelberg},
  Pages                    = {70--81},
  Publisher                = {Springer-Verlag},
  Series                   = {APPROX'06/RANDOM'06},

  Acmid                    = {2165241},
  Doi                      = {10.1007/11830924_9},
  ISBN                     = {3-540-38044-2, 978-3-540-38044-3},
  Location                 = {Barcelona, Spain},
  Numpages                 = {12},
  Url                      = {http://dx.doi.org/10.1007/11830924_9}
}

@Article{CLNS15,
  Title                    = {New Doubling Spanners: {B}etter and Simpler},
  Author                   = {T.-H. H.~Chan and M.~Li and L.~Ning and S.~Solomon},
  Journal                  = {{SIAM} Journal on Computing},
  Year                     = {2015},
  Number                   = {1},
  Pages                    = {37--53},
  Volume                   = {44},

  Doi                      = {10.1137/130930984},
  Owner                    = {hungle},
  Timestamp                = {2020.04.26}
}

@Article{DBLP:journals/ipl/Chandra94,
  Title                    = {Constructing Sparse Spanners for Most Graphs in Higher Dimensions},
  Author                   = {Barun Chandra},
  Journal                  = {Inf. Process. Lett.},
  Year                     = {1994},
  Number                   = {6},
  Pages                    = {289--294},
  Volume                   = {51}
}

@InProceedings{CDNS92,
  Title                    = {New Sparseness Results on Graph Spanners},
  Author                   = {B.~Chandra and G.~Das and G.~Narasimhan and J.~Soares},
  Booktitle                = {Proceedings of the Eighth Annual Symposium on Computational Geometry},
  Year                     = {1992},

  Owner                    = {hungle},
  Timestamp                = {2019.04.02}
}

@Article{CDRS16,
  Title                    = {Approximation Schemes for Geometric Coverage Problems},
  Author                   = {S.~Chaplick and M.~De and A.~Ravsky and J.~Spoerhase},
  Journal                  = {CoRR},
  Year                     = {2016},
  Volume                   = {abs/1607.06665},

  Bdsk-url-1               = {http://arxiv.org/abs/1607.06665},
  Owner                    = {hungl},
  Timestamp                = {2016.12.26},
  Url                      = {http://arxiv.org/abs/1607.06665}
}

@Article{CK,
  Title                    = {The point-arboricity of planar graphs},
  Author                   = {G. Chartrand and H.V. Kronk},
  Journal                  = {Journal of the London Mathematical Society},
  Year                     = {1969},
  Pages                    = {612-616},
  Volume                   = {44},

  Owner                    = {hungl},
  Timestamp                = {2017.04.10}
}

@Article{Chazelle00,
  Title                    = {A Minimum Spanning Tree Algorithm with Inverse-Ackermann Type Complexity},
  Author                   = {B.~Chazelle},
  Journal                  = {Journal of the {ACM}},
  Year                     = {2000},
  Number                   = {6},
  Pages                    = {1028–1047},
  Volume                   = {47},

  Doi                      = {10.1145/355541.355562},
  Owner                    = {hungle},
  Timestamp                = {2020.10.12}
}

@Article{CW18,
  Title                    = {Near-Optimal Light Spanners},
  Author                   = {Shiri Chechik and
 Christian Wulff{-}Nilsen},
  Journal                  = {{ACM} Trans. Algorithms},
  Year                     = {2018},
  Note                     = {preliminary version published in SODA 2016},
  Number                   = {3},
  Pages                    = {33:1--33:15},
  Volume                   = {14},

  Bibsource                = {dblp computer science bibliography, https://dblp.org},
  Biburl                   = {https://dblp.org/rec/journals/talg/ChechikW18.bib},
  Doi                      = {10.1145/3199607},
  Timestamp                = {Wed, 21 Nov 2018 12:44:28 +0100},
  Url                      = {https://doi.org/10.1145/3199607}
}

@InProceedings{CW16,
  Title                    = {Near-optimal Light Spanners},
  Author                   = {S.~Chechik and C.~Wulff{-}Nilsen},
  Booktitle                = {Proceedings of the 27th Annual ACM-SIAM Symposium on Discrete Algorithms},
  Year                     = {2016},
  Pages                    = {883--892},
  Series                   = {SODA'16},

  Owner                    = {hungl},
  Timestamp                = {2017.03.02}
}

@InProceedings{CGH16,
  Title                    = {Graph Minors for Preserving Terminal Distances Approximately - Lower and Upper Bounds},
  Author                   = {Y.~K. Cheung and G.~Goranci and M.~Henzinger},
  Booktitle                = {43rd International Colloquium on Automata, Languages, and Programming (ICALP 2016)},
  Year                     = {2016},
  Pages                    = {131:1--131:14},
  Series                   = {Leibniz International Proceedings in Informatics (LIPIcs)},
  Volume                   = {55},

  Doi                      = {10.4230/LIPIcs.ICALP.2016.131},
  Owner                    = {hungl},
  Timestamp                = {2017.12.07}
}

@Article{Chew89,
  Title                    = {There are planar graphs almost as good as the complete graph},
  Author                   = {L.~P. Chew},
  Journal                  = {Journal of Computer and System Sciences},
  Year                     = {1989},
  Number                   = {2},
  Pages                    = {205 - 219},
  Volume                   = {39},

  Owner                    = {hungle},
  Timestamp                = {2019.04.02}
}

@InProceedings{Chew86,
  Title                    = {There is a Planar Graph Almost As Good As the Complete Graph},
  Author                   = {L.~P. Chew},
  Booktitle                = {Proceedings of the Second Annual Symposium on Computational Geometry},
  Year                     = {1986},
  Pages                    = {169--177},
  Series                   = {SCG `86},

  Owner                    = {hungle},
  Timestamp                = {2019.04.02}
}

@Article{CNS82,
  Title                    = {An Approximation Algorithm for the Maximum Independent Set Problem on Planar Graphs},
  Author                   = {N.~Chiba and T.~Nishizeki and N.~Saito},
  Journal                  = {SIAM Journal on Computing},
  Year                     = {1982},
  Number                   = {4},
  Pages                    = {663-675},
  Volume                   = {11},

  Doi                      = {10.1137/0211055},
  Owner                    = {hungl},
  Timestamp                = {2017.04.10}
}

@Article{CNS81,
  Title                    = {Applications of the {L}ipton and {T}arjan's planar separator theorem},
  Author                   = {N.~Chiba and T.~Nishizeki and N.~Saito},
  Journal                  = {Journal of Information Processing},
  Year                     = {1981},
  Number                   = {4},
  Pages                    = {203--207},
  Volume                   = {4},

  Owner                    = {hungl},
  Timestamp                = {2017.04.10}
}

@TechReport{Chr76,
  Title                    = {Worst-case analysis of a new heuristic for the travelling salesman problem},
  Author                   = {Christofides, Nicos},
  Institution              = {Graduate School of Industrial Administration, Carnegie Mellon University},
  Year                     = {1976},
  Number                   = {388},
  Type                     = {Technical Report},

  Added-at                 = {2008-01-10T17:04:02.000+0100},
  Biburl                   = {https://www.bibsonomy.org/bibtex/2107ce5afe4cdd886e5cf863b16533205/jvrb_regulski},
  Interhash                = {17c4f6224da4a8ead47972fd788d7556},
  Intrahash                = {107ce5afe4cdd886e5cf863b16533205},
  Keywords                 = {3(2006)12},
  Timestamp                = {2008-01-10T17:06:15.000+0100}
}

@InProceedings{Clarkson87,
  Title                    = {Approximation Algorithms for Shortest Path Motion Planning},
  Author                   = {K.~Clarkson},
  Booktitle                = {Proceedings of the Nineteenth Annual ACM Symposium on Theory of Computing},
  Year                     = {1987},
  Pages                    = {56--65},
  Series                   = {STOC `87},

  Owner                    = {hungle},
  Timestamp                = {2019.04.02}
}

@Article{Cohen98,
  Title                    = {Fast Algorithms for Constructing $t$-Spanners and Paths with Stretch $t$},
  Author                   = {E.~Cohen},
  Journal                  = {{SIAM} Journal on Computing},
  Year                     = {1998},
  Number                   = {1},
  Pages                    = {210--236},
  Volume                   = {28},

  Doi                      = {10.1137/s0097539794261295},
  Owner                    = {hungle},
  Timestamp                = {2020.04.26}
}

@InProceedings{CKM16,
  Title                    = {Local Search Yields Approximation Schemes for $k$-Means and $k$-Median in Euclidean and Minor-Free Metrics},
  Author                   = {V.~Cohen-Addad and P.~N. Klein and C.~Mathieu},
  Booktitle                = {Proceedings of the 57th Annual IEEE Symposium on Foundations of Computer Science},
  Year                     = {2016},
  Series                   = {FOCS' 16},

  Owner                    = {hungl},
  Timestamp                = {2016.12.26}
}

@InProceedings{CM15,
  Title                    = {Effectiveness of Local Search for Geometric Optimization},
  Author                   = {V.~Cohen-Addad and C.~Mathieu},
  Booktitle                = {31st International Symposium on Computational Geometry},
  Year                     = {2015},
  Pages                    = {329--343},
  Series                   = {SoCG `2015},
  Volume                   = {35},

  Doi                      = {10.4230/LIPIcs.SOCG.2015.329},
  Owner                    = {hungle},
  Timestamp                = {2020.04.26}
}

@InProceedings{CCKMM16,
  Title                    = {Approximating connectivity domination in weighted bounded-genus graphs},
  Author                   = {V. Cohen-Addad and {\'E}. Colin de Verdi{\`e}re and P. N. Klein and C. Mathieu and D. Meierfrankenfeld},
  Booktitle                = {Proceedings of the 48th Annual ACM SIGACT Symposium on Theory of Computing},
  Year                     = {2016},
  Organization             = {ACM},
  Pages                    = {584--597},

  Date-added               = {2017-03-16 17:46:56 +0000},
  Date-modified            = {2017-03-16 17:46:56 +0000},
  Owner                    = {hungl},
  Timestamp                = {2018.04.23}
}

@InProceedings{CKRSW292,
  Title                    = {Provably good algorithms for performance-driven global routing},
  Author                   = {J.~Cong and A.~B.~Kahng and G.~Robins and M.~Sarrafzadeh and C.~K.~Wong},
  Booktitle                = {Proc. of 5th ISCAS},
  Year                     = {1992},
  Pages                    = {2240-2243}
}

@Article{CKRSW92,
  Title                    = {Provably good performance-driven global routing},
  Author                   = {J.~Cong and A.~B.~Kahng and G.~Robins and M.~Sarrafzadeh and C.~K.~Wong},
  Journal                  = {IEEE Trans. on CAD of Integrated Circuits and Sys.},
  Year                     = {1992},
  Number                   = {6},
  Pages                    = {739-752},
  Volume                   = {11}
}

@InProceedings{CKRSW91,
  Title                    = {Performance-Driven Global Routing for Cell Based ICs},
  Author                   = {J.~Cong and A.~B.~Kahng and G.~Robins and M.~Sarrafzadeh and C.~K.~Wong},
  Booktitle                = {Proc. of 9th ICCD},
  Year                     = {1991},
  Pages                    = {170-173}
}

@Article{CE06,
  Title                    = {Sparse Sourcewise and Pairwise Distance Preservers},
  Author                   = {D.~Coppersmith and M.~Elkin},
  Journal                  = {SIAM Journal on Discrete Mathematics},
  Year                     = {2006},
  Number                   = {2},
  Pages                    = {463-501},
  Volume                   = {20},

  Doi                      = {10.1137/050630696},
  Owner                    = {hungl},
  Timestamp                = {2018.03.12}
}

@Article{CFN85,
  Title                    = {The traveling salesman problem on a graph and some related integer polyhedra},
  Author                   = {G.~Cornu{\'e}jols and J.~Fonlupt and D.~Naddef},
  Journal                  = {Mathematical Programming},
  Year                     = {1985},
  Number                   = {1},
  Pages                    = {1--27},
  Volume                   = {33},

  Owner                    = {hungle},
  Timestamp                = {2019.06.05}
}

@Article{Croes58,
  Title                    = {A Method for Solving Traveling-Salesman Problems},
  Author                   = {G.~A. Croes},
  Journal                  = {Operations Research},
  Year                     = {1958},
  Number                   = {6},
  Pages                    = {791--812},
  Volume                   = {6},

  Doi                      = {10.1287/opre.6.6.791},
  Owner                    = {hungl},
  Timestamp                = {2018.04.25}
}

@InProceedings{CGK13,
  Title                    = {On Pairwise Spanners},
  Author                   = {M.~Cygan and F.~Grandoni and T.~Kavitha},
  Booktitle                = {30th International Symposium on Theoretical Aspects of Computer Science (STACS 2013)},
  Year                     = {2013},
  Pages                    = {209--220},

  Doi                      = {10.4230/LIPIcs.STACS.2013.209},
  Owner                    = {hungl},
  Timestamp                = {2018.03.12}
}

@InProceedings{CNPPRW11,
  Title                    = {Solving Connectivity Problems Parameterized by Treewidth in Single Exponential Time},
  Author                   = {M.~Cygan and J.~Nederlof and M.~Pilipczuk and M.~Pilipczuk and J.~ M. M. van Rooij and J.~O. Wojtaszczyk},
  Booktitle                = {Proceedings of the 2011 IEEE 52nd Annual Symposium on Foundations of Computer Science},
  Year                     = {2011},
  Pages                    = {150-159},
  Publisher                = {IEEE},
  Series                   = {FOCS '11},

  Owner                    = {hunglv},
  Timestamp                = {2014.05.08},
  Url                      = {http://dx.doi.org/10.1109/FOCS.2011.23}
}

@Article{dantzig1959truck,
  Title                    = {The truck dispatching problem},
  Author                   = {Dantzig, George B and Ramser, John H},
  Journal                  = {Management science},
  Year                     = {1959},
  Number                   = {1},
  Pages                    = {80--91},
  Volume                   = {6},

  Publisher                = {Informs}
}

@Article{DM15,
  Title                    = {A Quasipolynomial Time Approximation Scheme for Euclidean Capacitated Vehicle Routing},
  Author                   = {A.~Das and C.~Mathieu},
  Journal                  = {Algorithmica},
  Year                     = {2015},
  Number                   = {1},
  Pages                    = {115–142},
  Volume                   = {73},

  Doi                      = {10.1007/s00453-014-9906-4},
  Owner                    = {hungle},
  Timestamp                = {2020.04.12}
}

@InProceedings{DHN93,
  Title                    = {Optimally Sparse Spanners in 3-dimensional Euclidean Space},
  Author                   = {G.~Das and P.~Heffernan and G.~Narasimhan},
  Booktitle                = {Proceedings of the 9th Annual Symposium on Computational Geometry},
  Year                     = {1993},
  Pages                    = {53--62},
  Series                   = {SCG '93},

  Owner                    = {hungl},
  Timestamp                = {2017.10.11}
}

@Article{DN97,
  Title                    = {A Fast Algorithm for Constructing Sparse {E}uclidean Spanners},
  Author                   = {G.~Das and G.~Narasimhan},
  Journal                  = {Int. J. Comput. Geometry Appl.},
  Year                     = {1997},
  Number                   = {4},
  Pages                    = {297-315},
  Volume                   = {7}
}

@InProceedings{DN94,
  Title                    = {A Fast Algorithm for Constructing Sparse {E}uclidean Spanners},
  Author                   = {G.~Das and G.~Narasimhan},
  Booktitle                = {Proc. of 10th SOCG},
  Year                     = {1994},
  Pages                    = {132-139}
}

@InProceedings{DNS95,
  Title                    = {A New Way to Weigh Malnourished Euclidean Graphs},
  Author                   = {G.~Das and G.~Narasimhan and J.~Salowe},
  Booktitle                = {Proceedings of the 6th Annual ACM-SIAM Symposium on Discrete Algorithms},
  Year                     = {1995},
  Pages                    = {215--222},
  Series                   = {SODA '95},

  Owner                    = {hungl},
  Timestamp                = {2017.10.11}
}

@Article{KV01,
  Title                    = {Latency versus Cost Optimizations in
Hierarchical Overlay Networks},
  Author                   = {Dejan Kostic, Amin Vahdat},
  Journal                  = {{T}echnical report, Duke University},
  Year                     = {2002},
  Number                   = {CS-2001-04}
}

@InProceedings{PACE16,
  Title                    = {The First Parameterized Algorithms and Computational Experiments Challenge},
  Author                   = {H.~Dell and T.~Husfeldt and Bart M.~P.~Jansen and P.~Kaski and C.~Komusiewicz and F.~A. Rosamond},
  Booktitle                = {11th International Symposium on Parameterized and Exact Computation},
  Year                     = {2016},
  Pages                    = {30:1--30:9},
  Series                   = {IPEC' 2016},
  Volume                   = {63},

  Doi                      = {10.4230/LIPIcs.IPEC.2016.30},
  Owner                    = {hungl},
  Timestamp                = {2018.05.06}
}

@InProceedings{DH05,
  Title                    = {Bidimensionality: New Connections Between { FPT} Algorithms and {PTAS}s},
  Author                   = {E.~D. Demaine and M.~Hajiaghayi},
  Booktitle                = {Proceedings of the Sixteenth Annual ACM-SIAM Symposium on Discrete Algorithms},
  Year                     = {2005},
  Pages                    = {590--601},
  Series                   = {SODA'05},

  Owner                    = {hungl},
  Timestamp                = {2016.12.26}
}

@InProceedings{DHK05,
  Title                    = {Algorithmic Graph Minor Theory: Decomposition, Approximation, and Coloring},
  Author                   = {E.~D. Demaine and M.~Hajiaghayi and K.~Kawarabayashi},
  Booktitle                = {Proceedings of the 46th Annual IEEE Symposium on Foundations of Computer Science},
  Year                     = {2005},
  Pages                    = {637--646},

  Doi                      = {10.1109/SFCS.2005.14},
  Owner                    = {hungl},
  Timestamp                = {2017.04.10}
}

@Article{DHM10,
  Title                    = {Approximation algorithms via contraction decomposition},
  Author                   = {E.~D. Demaine and M.~Hajiaghayi and B.~Mohar},
  Journal                  = {Combinatorica},
  Year                     = {2010},
  Number                   = {5},
  Pages                    = {533--552},
  Volume                   = {30},

  Doi                      = {10.1007/s00493-010-2341-5},
  Owner                    = {hungl},
  Timestamp                = {2017.12.20}
}

@InProceedings{DHM07,
  Title                    = {Approximation Algorithms via Contraction Decomposition},
  Author                   = {E.~D. Demaine and M.~Hajiaghayi and B.~Mohar},
  Booktitle                = {Proceedings of the Eighteenth Annual ACM-SIAM Symposium on Discrete Algorithms},
  Year                     = {2007},
  Pages                    = {278--287},
  Series                   = {SODA '07},

  Owner                    = {hungle},
  Timestamp                = {2018.10.30}
}

@InProceedings{DGJ08,
  Title                    = {Implementation challenge for shortest paths},
  Author                   = {Demetrescu, Camil and Goldberg, Andrew V and Johnson, David S},
  Booktitle                = {Encyclopedia of Algorithms},
  Year                     = {2008},
  Pages                    = {1--99},
  Publisher                = {Springer},

  Date-added               = {2018-03-30 01:02:47 +0000},
  Date-modified            = {2018-03-30 01:03:41 +0000},
  Owner                    = {hungl},
  Timestamp                = {2018.04.23}
}

@InProceedings{DES08,
  Title                    = {Shallow-Low-Light Trees, and Tight Lower Bounds for {E}uclidean Spanners},
  Author                   = {Y.~Dinitz and M.~Elkin and S.~Solomon},
  Booktitle                = {Proc. of 49th FOCS},
  Year                     = {2008},
  Pages                    = {519-528}
}

@Article{DS05,
  Title                    = {On the hardness of approximating minimum vertex cover},
  Author                   = {I. Dinur and S. Safra},
  Journal                  = {Annals of mathematics},
  Year                     = {2005},
  Pages                    = {439--485},

  Date-added               = {2018-01-11 18:41:37 +0000},
  Date-modified            = {2018-01-11 18:43:21 +0000},
  Owner                    = {hungl},
  Timestamp                = {2018.04.23}
}

@Article{DFT12,
  Title                    = {Catalan structures and dynamic programming in {H}-minor-free graphs},
  Author                   = {Frederic Dorn and Fedor V. Fomin and Dimitrios M. Thilikos},
  Journal                  = {Journal of Computer and System Sciences},
  Year                     = {2012},
  Number                   = {5},
  Pages                    = {1606-1622},
  Volume                   = {78},

  Doi                      = {10.1016/j.jcss.2012.02.004},
  Owner                    = {hunglv},
  Timestamp                = {2015.02.25}
}

@Book{DF99,
  Title                    = {Parameterized Complexity},
  Author                   = {R.~G. Downey and M.~R. Fellows},
  Publisher                = {Springer-Verlag, New York},
  Year                     = {1999},

  Owner                    = {hungl},
  Timestamp                = {2017.04.11}
}

@Article{DMP14,
  Title                    = {Large induced forests in planar graphs with girth 4 or 5},
  Author                   = {Dross, F. and M. Montassier and A. Pinlou},
  Journal                  = {arXiv preprint arXiv:1409.1348},
  Year                     = {2014},

  Owner                    = {hunglv},
  Timestamp                = {2016.02.12}
}

@InProceedings{EKM12,
  Title                    = {An efficient polynomial-time approximation scheme for {S}teiner forest in planar graphs},
  Author                   = {D.~Eisenstat and P.~Klein and C.~Mathieu},
  Booktitle                = {Proceedings of the 23rd Annual ACM-SIAM Symposium on Discrete Algorithms},
  Year                     = {2012},
  Pages                    = {626–638},
  Series                   = {SODA `12},

  Doi                      = {10.5555/2095116.2095169},
  Owner                    = {hungle},
  Timestamp                = {2020.04.15}
}

@Article{Elkin05,
  Title                    = {Computing almost shortest paths},
  Author                   = {Michael Elkin},
  Journal                  = {{ACM} Trans. Algorithms},
  Year                     = {2005},
  Number                   = {2},
  Pages                    = {283--323},
  Volume                   = {1},

  Bibsource                = {dblp computer science bibliography, http://dblp.org},
  Biburl                   = {http://dblp.uni-trier.de/rec/bib/journals/talg/Elkin05},
  Doi                      = {10.1145/1103963.1103968},
  Timestamp                = {Wed, 09 Mar 2016 14:17:53 +0100},
  Url                      = {http://doi.acm.org/10.1145/1103963.1103968}
}

@Article{EFN17,
  Title                    = {Terminal embeddings},
  Author                   = {M.~Elkin and A.~Filtser and O.~Neiman},
  Journal                  = {Theoretical Computer Science},
  Year                     = {2017},
  Pages                    = {1 - 36},
  Volume                   = {697},

  Doi                      = {https://doi.org/10.1016/j.tcs.2017.06.021},
  Owner                    = {hungl},
  Timestamp                = {2018.03.12}
}

@Article{EN18,
  Title                    = {Efficient Algorithms for Constructing Very Sparse Spanners and Emulators},
  Author                   = {M.~Elkin and O.~Neiman},
  Journal                  = {ACM Transactions on Algorithms},
  Year                     = {2018},
  Note                     = {Announced at SODA `17},
  Number                   = {1},
  Volume                   = {15},

  Doi                      = {10.1145/3274651},
  Owner                    = {hungle},
  Timestamp                = {2020.10.12}
}

@Article{DBLP:journals/siamdm/ElkinNS15,
  Title                    = {Light Spanners},
  Author                   = {Michael Elkin and
 Ofer Neiman and
 Shay Solomon},
  Journal                  = {{SIAM} J. Discret. Math.},
  Year                     = {2015},
  Note                     = {preliminary version published in ICALP 2014},
  Number                   = {3},
  Pages                    = {1312--1321},
  Volume                   = {29}
}

@InProceedings{ENS14,
  Title                    = {Light Spanners},
  Author                   = {Michael Elkin and Ofer Neiman and Shay Solomon},
  Booktitle                = {Proc. of 41th ICALP},
  Year                     = {2014},
  Pages                    = {442--452}
}

@Article{EP04,
  Title                    = {$(1 + \epsilon,\beta)$-Spanner Constructions for General Graphs},
  Author                   = {M.~Elkin and D.~Peleg},
  Journal                  = {SIAM Journal on Computing},
  Year                     = {2004},
  Number                   = {3},
  Pages                    = {608--631},
  Volume                   = {33},

  Doi                      = {10.1137/S0097539701393384},
  Owner                    = {hungl},
  Timestamp                = {2017.03.17}
}

@Article{ES16,
  Title                    = {Fast Constructions of Lightweight Spanners for General Graphs},
  Author                   = {M.~Elkin and S.~Solomon},
  Journal                  = {ACM Transactions on Algorithms},
  Year                     = {2016},
  Number                   = {3},
  Volume                   = {12},

  Doi                      = {10.1145/2836167},
  Owner                    = {hungle},
  Timestamp                = {2020.03.28}
}

@Article{ES15,
  Title                    = {Optimal Euclidean Spanners: Really Short, Thin, and Lanky},
  Author                   = {Michael Elkin and
 Shay Solomon},
  Journal                  = {J. {ACM}},
  Year                     = {2015},
  Number                   = {5},
  Pages                    = {35:1--35:45},
  Volume                   = {62}
}

@Article{ES15SIAM,
  Title                    = {Steiner Shallow-Light Trees Are Exponentially Lighter than Spanning
 Ones},
  Author                   = {Michael Elkin and
 Shay Solomon},
  Journal                  = {{SIAM} J. Comput.},
  Year                     = {2015},
  Note                     = {preliminary version published in FOCS 2011},
  Number                   = {4},
  Pages                    = {996--1025},
  Volume                   = {44},

  Bibsource                = {dblp computer science bibliography, https://dblp.org},
  Biburl                   = {https://dblp.org/rec/journals/siamcomp/ElkinS15.bib},
  Doi                      = {10.1137/13094791X},
  Timestamp                = {Sat, 27 May 2017 14:22:58 +0200},
  Url                      = {https://doi.org/10.1137/13094791X}
}

@Article{DBLP:journals/siamdm/ElkinS11,
  Title                    = {Narrow-Shallow-Low-Light Trees with and without Steiner Points},
  Author                   = {Michael Elkin and
 Shay Solomon},
  Journal                  = {{SIAM} J. Discret. Math.},
  Year                     = {2011},
  Note                     = {preliminary version published in ESA 2009},
  Number                   = {1},
  Pages                    = {181--210},
  Volume                   = {25}
}

@InProceedings{ES11,
  Title                    = {Steiner Shallow-Light Trees Are Exponentially Lighter Than Spanning Ones},
  Author                   = {M.~Elkin and S.~Solomon},
  Booktitle                = {Proceedings of the 52nd Annual Symposium on Foundations of Computer Science},
  Year                     = {2011},
  Number                   = {FOCS '11},
  Pages                    = {373--382},

  Owner                    = {hungle},
  Timestamp                = {2019.04.03}
}

@Article{EZ06,
  Title                    = {Efficient algorithms for constructing (1+epsilon, beta)-spanners in
 the distributed and streaming models},
  Author                   = {Michael Elkin and
 Jian Zhang},
  Journal                  = {Distributed Computing},
  Year                     = {2006},
  Number                   = {5},
  Pages                    = {375--385},
  Volume                   = {18},

  Bibsource                = {dblp computer science bibliography, http://dblp.org},
  Biburl                   = {http://dblp.uni-trier.de/rec/bib/journals/dc/ElkinZ06},
  Doi                      = {10.1007/s00446-005-0147-2},
  Timestamp                = {Sun, 28 May 2017 13:19:05 +0200},
  Url                      = {https://doi.org/10.1007/s00446-005-0147-2}
}

@InProceedings{Eppstein03,
  Title                    = {Dynamic Generators of Topologically Embedded Graphs},
  Author                   = {D.~Eppstein},
  Booktitle                = {Proceedings of the 14th Annual ACM-SIAM Symposium on Discrete Algorithms},
  Year                     = {2003},
  Pages                    = {599–-608},
  Series                   = {SODA `03},

  Doi                      = {10.5555/644108.644208},
  Owner                    = {hungle},
  Timestamp                = {2020.04.13}
}

@InProceedings{ELS10,
  Title                    = {Listing All Maximal Cliques in Sparse Graphs in Near-Optimal Time},
  Author                   = {D.~Eppstein and M~L{\"o}ffler 
and D.~Strash},
  Booktitle                = {International Symposium on Algorithms and Computation},
  Year                     = {2010},
  Pages                    = {403--414},

  Doi                      = {10.1007/978-3-642-17517-6_36},
  Owner                    = {hungle},
  Timestamp                = {2020.03.28}
}

@Article{Erdos64,
  Title                    = {Extremal problems in graph theory},
  Author                   = {P.~Erd\H{o}s},
  Journal                  = {Theory of Graphs and Its Applications (Proc. Sympos. Smolenice)},
  Year                     = {1964},
  Pages                    = {29--36},

  Owner                    = {hungl},
  Timestamp                = {2017.03.17}
}

@Article{Erickson04,
  Title                    = {Dense Point Sets Have Sparse Delaunay Triangulations or ``... But Not Too Nasty''},
  Author                   = {J.~Erickson},
  Journal                  = {Discrete {\&} Computational Geometry},
  Year                     = {2004},
  Number                   = {1},
  Pages                    = {83--115},
  Volume                   = {33},

  Doi                      = {10.1007/s00454-004-1089-3},
  Owner                    = {hungle},
  Timestamp                = {2020.04.28}
}

@Article{FurerK12,
  Title                    = {Spanners for geometric intersection graphs with applications},
  Author                   = {Martin F{\"{u}}rer and
 Shiva Prasad Kasiviswanathan},
  Journal                  = {J. Comput. Geom.},
  Year                     = {2012},
  Number                   = {1},
  Pages                    = {31--64},
  Volume                   = {3}
}

@InProceedings{FK06,
  Title                    = {Approximate distance queries in disk graphs},
  Author                   = {M.~F{\"u}rer and S.~P.~Kasiviswanathan},
  Booktitle                = {International Workshop on Approximation and Online Algorithms},
  Year                     = {2006},
  Pages                    = {174--187},
  Series                   = {WAOA `06},

  Doi                      = {10.1007/978-3-540-73951-7_28},
  Owner                    = {hungle},
  Timestamp                = {2020.11.05}
}

@Article{FRT04,
  Title                    = {A tight bound on approximating arbitrary metrics by tree metrics},
  Author                   = {Jittat Fakcharoenphol and
 Satish Rao and
 Kunal Talwar},
  Journal                  = {J. Comput. Syst. Sci.},
  Year                     = {2004},
  Number                   = {3},
  Pages                    = {485--497},
  Volume                   = {69},

  Bibsource                = {dblp computer science bibliography, https://dblp.org},
  Biburl                   = {https://dblp.org/rec/journals/jcss/FakcharoenpholRT04.bib},
  Doi                      = {10.1016/j.jcss.2004.04.011},
  Timestamp                = {Sat, 20 May 2017 00:25:55 +0200},
  Url                      = {https://doi.org/10.1016/j.jcss.2004.04.011}
}

@InProceedings{FT03,
  Title                    = {An Improved Decomposition Theorem for Graphs Excluding a Fixed Minor},
  Author                   = {J.~Fakcharoenphol and K.~Talwar},
  Booktitle                = {International Workshop on Approximation Algorithms for Combinatorial Optimization},
  Year                     = {2003},
  Pages                    = {36--46},
  Series                   = {APPROX `03},

  Doi                      = {10.1007/978-3-540-45198-3_4},
  Owner                    = {hungle},
  Timestamp                = {2020.04.05}
}

@InProceedings{DBLP:conf/esa/FarshiG05,
  Title                    = {Experimental Study of Geometric \emph{t}-Spanners},
  Author                   = {Mohammad Farshi and
 Joachim Gudmundsson},
  Booktitle                = {Algorithms - {ESA} 2005, 13th Annual European Symposium, Palma de
 Mallorca, Spain, October 3-6, 2005, Proceedings},
  Year                     = {2005},
  Editor                   = {Gerth St{\o}lting Brodal and
 Stefano Leonardi},
  Pages                    = {556--567},
  Publisher                = {Springer},
  Series                   = {Lecture Notes in Computer Science},
  Volume                   = {3669}
}

@InProceedings{DBLP:conf/wea/FarshiG07,
  Title                    = {Experimental Study of Geometric t-Spanners: {A} Running Time Comparison},
  Author                   = {Mohammad Farshi and
 Joachim Gudmundsson},
  Booktitle                = {Experimental Algorithms, 6th International Workshop, {WEA} 2007, Rome,
 Italy, June 6-8, 2007, Proceedings},
  Year                     = {2007},
  Editor                   = {Camil Demetrescu},
  Pages                    = {270--284},
  Publisher                = {Springer},
  Series                   = {Lecture Notes in Computer Science},
  Volume                   = {4525}
}

@InProceedings{FKMSZ05,
  Title                    = {Graph distances in the streaming model: the value of space},
  Author                   = {Joan Feigenbaum and
 Sampath Kannan and
 Andrew McGregor and
 Siddharth Suri and
 Jian Zhang},
  Booktitle                = {Proc. of 16th SODA},
  Year                     = {2005},
  Pages                    = {745-754}
}

@Article{FFKP18,
  Title                    = {A (1+{\(\epsilon\)})-Embedding of Low Highway Dimension Graphs into
 Bounded Treewidth Graphs},
  Author                   = {Andreas Emil Feldmann and
 Wai Shing Fung and
 Jochen K{\"{o}}nemann and
 Ian Post},
  Journal                  = {{SIAM} J. Comput.},
  Year                     = {2018},
  Number                   = {4},
  Pages                    = {1667--1704},
  Volume                   = {47},

  Bibsource                = {dblp computer science bibliography, https://dblp.org},
  Biburl                   = {https://dblp.org/rec/journals/siamcomp/FeldmannFKP18.bib},
  Doi                      = {10.1137/16M1067196},
  Timestamp                = {Fri, 05 Apr 2019 13:05:16 +0200},
  Url                      = {https://doi.org/10.1137/16M1067196}
}

@Article{FFLRY12,
  Title                    = {Local search: {I}s brute-force avoidable?},
  Author                   = {M.~R. Fellows and F.~ V. Fomin and D.~Lokshtanov and F.~Rosamond and S.~Saurabh and Y.~Villanger},
  Journal                  = {Journal of Computer and System Sciences},
  Year                     = {2012},
  Number                   = {3},
  Pages                    = {707 - 719},
  Volume                   = {78},

  Doi                      = {http://dx.doi.org/10.1016/j.jcss.2011.10.003},
  Owner                    = {hungl},
  Timestamp                = {2017.04.07}
}

@InCollection{FPR99,
  Title                    = {Feedback set problems},
  Author                   = {P.~Festa and P.~M. Pardalos and M~.GC. Resende},
  Booktitle                = {Handbook of combinatorial optimization},
  Publisher                = {Springer US},
  Year                     = {1999},
  Pages                    = {209--258},

  Owner                    = {hungl},
  Timestamp                = {2017.03.29}
}

@Article{Fil20scattering,
  Title                    = {Scattering and Sparse Partitions, and their Applications},
  Author                   = {Arnold Filtser},
  Journal                  = {CoRR},
  Year                     = {2020},
  Note                     = {To appear in ICALP 2020},
  Volume                   = {abs/2001.04447},

  Archiveprefix            = {arXiv},
  Bibsource                = {dblp computer science bibliography, https://dblp.org},
  Biburl                   = {https://dblp.org/rec/journals/corr/abs-2001-04447.bib},
  Eprint                   = {2001.04447},
  Timestamp                = {Fri, 17 Jan 2020 14:07:30 +0100},
  Url                      = {https://arxiv.org/abs/2001.04447}
}

@Article{Fil19SPR,
  Title                    = {Steiner Point Removal with Distortion ${O}(log k)$ using the Relaxed-Voronoi
 Algorithm},
  Author                   = {Arnold Filtser},
  Journal                  = {{SIAM} J. Comput.},
  Year                     = {2019},
  Number                   = {2},
  Pages                    = {249--278},
  Volume                   = {48},

  Bibsource                = {dblp computer science bibliography, https://dblp.org},
  Biburl                   = {https://dblp.org/rec/journals/siamcomp/Filtser19.bib},
  Doi                      = {10.1137/18M1184400},
  Timestamp                = {Fri, 31 May 2019 09:50:44 +0200},
  Url                      = {https://doi.org/10.1137/18M1184400}
}

@InProceedings{FS16,
  Title                    = {The Greedy Spanner is Existentially Optimal},
  Author                   = {Arnold Filtser and Shay Solomon},
  Booktitle                = {Proceedings of the 2016 ACM Symposium on Principles of Distributed Computing},
  Year                     = {2016},
  Note                     = {to appear in SICOMP 2020},
  Pages                    = {9--17},
  Series                   = {PODC '16},

  Doi                      = {10.1145/2933057.2933114},
  Owner                    = {hungl},
  Timestamp                = {2017.03.31}
}

@Article{FLPS16,
  Title                    = {Efficient Computation of Representative Families with Applications in Parameterized and Exact Algorithms},
  Author                   = {F.~V. Fomin and D.~Lokshtanov and F.~Panolan and S.~Saurabh},
  Journal                  = {Journal of the ACM (JACM)},
  Year                     = {2016},
  Number                   = {4},
  Pages                    = {29:1--29:60},
  Volume                   = {63},

  Doi                      = {10.1145/2886094},
  Owner                    = {hungl},
  Timestamp                = {2017.12.21}
}

@InProceedings{FLST12,
  Title                    = {Linear kernels for (connected) dominating set on {H}-minor-free graphs},
  Author                   = {Fomin, Fedor V and Lokshtanov, Daniel and Saurabh, Saket and Thilikos, Dimitrios M},
  Booktitle                = {Proceedings of the twenty-third annual ACM-SIAM symposium on Discrete Algorithms},
  Year                     = {2012},
  Pages                    = {82--93},

  Date-added               = {2018-04-19 00:28:20 +0000},
  Date-modified            = {2018-04-19 00:29:04 +0000},
  Owner                    = {hungl},
  Timestamp                = {2018.04.23}
}

@InProceedings{FLST10,
  Title                    = {Bidimensionality and kernels},
  Author                   = {Fomin, Fedor V and Lokshtanov, Daniel and Saurabh, Saket and Thilikos, Dimitrios M},
  Booktitle                = {Proceedings of the twenty-first annual ACM-SIAM symposium on Discrete Algorithms},
  Year                     = {2010},
  Pages                    = {503--510},

  Date-added               = {2018-04-18 22:03:59 +0000},
  Date-modified            = {2018-04-18 22:04:52 +0000},
  Owner                    = {hungl},
  Timestamp                = {2018.04.23}
}

@InProceedings{FKS19,
  Title                    = {Embedding Planar Graphs into Low-Treewidth Graphs with Applications to Efficient Approximation Schemes for Metric Problems},
  Author                   = {E.~Fox{-}Epstein and P.~N.~Klein and A.~Schild},
  Booktitle                = {Proceedings of the 30th Annual ACM-SIAM Symposium on Discrete Algorithms},
  Year                     = {2019},
  Pages                    = {1069–1088},
  Series                   = {SODA `19},

  Doi                      = {10.1137/1.9781611975482.66},
  Owner                    = {hungle},
  Timestamp                = {2020.03.23}
}

@Article{FMPS16,
  Title                    = {Short and simple cycle separators in planar graphs},
  Author                   = {Fox-Epstein, Eli and Mozes, Shay and Phothilimthana, Phitchaya Mangpo and Sommer, Christian},
  Journal                  = {Journal of Experimental Algorithmics (JEA)},
  Year                     = {2016},
  Pages                    = {2--2},
  Volume                   = {21},

  Date-added               = {2018-04-07 22:54:38 +0000},
  Date-modified            = {2018-04-07 22:55:41 +0000},
  Owner                    = {hungl},
  Timestamp                = {2018.04.23}
}

@Article{Frederickson87,
  Title                    = {Fast algorithms for shortest paths in planar graphs with applications},
  Author                   = {G. Frederickson},
  Journal                  = {SIAM Journal on Computing},
  Year                     = {1987},
  Pages                    = {1004-1022},
  Volume                   = {16},

  Owner                    = {hungl},
  Timestamp                = {2017.04.10}
}

@Article{FW94,
  Title                    = {Trans-dichotomous algorithms for minimum spanning trees and shortest paths},
  Author                   = {M.~L.~Fredman and D.~E.~Willard},
  Journal                  = {Journal of Computer and System Sciences},
  Year                     = {1994},
  Note                     = {Announced at FOCS`90},
  Number                   = {3},
  Pages                    = {533--551},
  Volume                   = {48},

  Doi                      = {10.1016/s0022-0000(05)80064-9},
  Owner                    = {hungle},
  Timestamp                = {2020.10.12}
}

@Article{GaoGHZZ05,
  Title                    = {Geometric spanners for routing in mobile networks},
  Author                   = {Jie Gao and
 Leonidas J. Guibas and
 John Hershberger and
 Li Zhang and
 An Zhu},
  Journal                  = {{IEEE} J. Sel. Areas Commun.},
  Year                     = {2005},
  Number                   = {1},
  Pages                    = {174--185},
  Volume                   = {23}
}

@Article{GGN06,
  Title                    = {Deformable spanners and applications},
  Author                   = {J.~Gao and L.~J. Guibas and A.~Nguyen},
  Journal                  = {Computational Geometry},
  Year                     = {2006},
  Number                   = {1},
  Pages                    = {2--19},
  Volume                   = {35},

  Doi                      = {https://doi.org/10.1016/j.comgeo.2005.10.001},
  Owner                    = {hungl},
  Timestamp                = {2017.10.12}
}

@InProceedings{GGN04,
  Title                    = {Deformable spanners and applications},
  Author                   = {J.~Gao and L.~J.~Guibas and A.~Nguyen},
  Booktitle                = {Proc. of 20th SoCG},
  Year                     = {2004},
  Pages                    = {190-199}
}

@Article{GJT76,
  Title                    = {The Planar {H}amiltonian Circuit Problem is {NP}-Complete},
  Author                   = {M.~R. Garey and D.~S. Johnson and R.~E. Tarjan},
  Journal                  = {SIAM Journal on Computing},
  Year                     = {1976},
  Number                   = {4},
  Pages                    = {704-714},
  Volume                   = {5},

  Doi                      = {10.1137/0205049},
  Owner                    = {hungl},
  Timestamp                = {2018.04.25}
}

@Article{GP68,
  Title                    = {Steiner Minimal Trees},
  Author                   = {E.~Gilbert and H.~Pollak},
  Journal                  = {SIAM Journal on Applied Mathematics},
  Year                     = {1968},
  Number                   = {1},
  Pages                    = {1-29},
  Volume                   = {16},

  Owner                    = {hungle},
  Timestamp                = {2019.04.03}
}

@Article{GKK17,
  Title                    = {Efficient Regression in Metric Spaces via Approximate Lipschitz Extension},
  Author                   = {Lee{-}Ad Gottlieb and
 Aryeh Kontorovich and
 Robert Krauthgamer},
  Journal                  = {{IEEE} Trans. Inf. Theory},
  Year                     = {2017},
  Number                   = {8},
  Pages                    = {4838--4849},
  Volume                   = {63},

  Bibsource                = {dblp computer science bibliography, https://dblp.org},
  Biburl                   = {https://dblp.org/rec/journals/tit/GottliebKK17.bib},
  Doi                      = {10.1109/TIT.2017.2713820},
  Timestamp                = {Tue, 10 Mar 2020 10:48:47 +0100},
  Url                      = {https://doi.org/10.1109/TIT.2017.2713820}
}

@InProceedings{GR082,
  Title                    = {An Optimal Dynamic Spanner for Doubling Metric Spaces},
  Author                   = {L.~Gottlieb and L.~Roditty},
  Booktitle                = {Proc. of 16th ESA},
  Year                     = {2008},
  Note                     = {Another version of this paper is available via \url{http://cs.nyu.edu/~adi/spanner2.pdf}},
  Pages                    = {478-489}
}

@InProceedings{GH12,
  Title                    = {Light Spanners in Bounded Pathwidth Graphs},
  Author                   = {M.~Grigni and H.~Hung},
  Booktitle                = {Proceedings of the 37th International Conference on Mathematical Foundations of Computer Science},
  Year                     = {2012},
  Pages                    = {467--477},
  Series                   = {MFCS'12},

  Owner                    = {hungl},
  Timestamp                = {2017.03.14}
}

@InProceedings{GS02,
  Title                    = {Light Spanners and Approximate {TSP} in Weighted Graphs with Forbidden Minors},
  Author                   = {M.~Grigni and P.~Sissokho},
  Booktitle                = {Proceedings of the 13th Annual ACM-SIAM Symposium on Discrete Algorithms},
  Year                     = {2002},
  Pages                    = {852--857},
  Series                   = {SODA '02},

  Owner                    = {hungl},
  Timestamp                = {2017.03.14}
}

@Article{Grohe03,
  Title                    = {Local Tree-Width, Excluded Minors, and Approximation Algorithms},
  Author                   = {M.~Grohe},
  Journal                  = {Combinatorica},
  Year                     = {2003},
  Number                   = {4},
  Pages                    = {613-632},
  Volume                   = {23},

  Doi                      = {10.1007/s00493-003-0037-9},
  Owner                    = {hunglv},
  Timestamp                = {2015.02.26}
}

@Article{GLN02,
  Title                    = {Fast Greedy Algorithms for Constructing Sparse Geometric Spanners},
  Author                   = {J.~Gudmundsson and C.~Levcopoulos and G.~Narasimhan},
  Journal                  = {SIAM J. Comput.},
  Year                     = {2002},
  Number                   = {5},
  Pages                    = {1479-1500},
  Volume                   = {31}
}

@Article{DBLP:journals/talg/GudmundssonLNS08,
  Title                    = {Approximate distance oracles for geometric spanners},
  Author                   = {Joachim Gudmundsson and
 Christos Levcopoulos and
 Giri Narasimhan and
 Michiel H. M. Smid},
  Journal                  = {{ACM} Trans. Algorithms},
  Year                     = {2008},
  Number                   = {1},
  Pages                    = {10:1--10:34},
  Volume                   = {4}
}

@Article{GLNS08,
  Title                    = {Approximate distance oracles for geometric spanners},
  Author                   = {J.~Gudmundsson and C.~Levcopoulos and G.~Narasimhan and
M.~H.~M.~Smid},
  Journal                  = {ACM Transactions on Algorithms},
  Year                     = {2008},
  Number                   = {1},
  Volume                   = {4}
}

@InProceedings{GLNS02,
  Title                    = {Approximate distance oracles for geometric graphs},
  Author                   = {J.~Gudmundsson and C.~Levcopoulos and G.~Narasimhan and
M.~H.~M.~Smid},
  Booktitle                = {Proc. of 13th SODA},
  Year                     = {2002},
  Pages                    = {828-837}
}

@InProceedings{GLNS02b,
  Title                    = {Approximate Distance Oracles Revisited},
  Author                   = {Joachim Gudmundsson and
 Christos Levcopoulos and
 Giri Narasimhan and
 Michiel H. M. Smid},
  Booktitle                = {Proc. of 13th ISAAC},
  Year                     = {2002},
  Pages                    = {357-368}
}

@InProceedings{DBLP:conf/stacs/GudmundssonNS05,
  Title                    = {Fast Pruning of Geometric Spanners},
  Author                   = {Joachim Gudmundsson and
 Giri Narasimhan and
 Michiel H. M. Smid},
  Booktitle                = {{STACS} 2005, 22nd Annual Symposium on Theoretical Aspects of Computer
 Science, Stuttgart, Germany, February 24-26, 2005, Proceedings},
  Year                     = {2005},
  Editor                   = {Volker Diekert and
 Bruno Durand},
  Pages                    = {508--520},
  Publisher                = {Springer},
  Series                   = {Lecture Notes in Computer Science},
  Volume                   = {3404}
}

@InProceedings{GNS05,
  Title                    = {Fast Pruning of Geometric Spanners},
  Author                   = {J.~Gudmundsson and G.~Narasimhan and
M.~H.~M.~Smid},
  Booktitle                = {Proc. of 22nd STACS},
  Year                     = {2005},
  Pages                    = {508-520}
}

@Article{HR85,
  Title                    = {Bounds and Heuristics for Capacitated Routing Problems},
  Author                   = {M.~Haimovich and A.~H.~G.~Rinnooy Kan},
  Journal                  = {Mathematics of Operations Research},
  Year                     = {1985},
  Number                   = {4},
  Pages                    = {527--542},
  Volume                   = {10},

  Doi                      = {10.2307/3689422},
  Owner                    = {hungle},
  Timestamp                = {2020.04.02}
}

@Misc{HZ96,
  Title                    = {Linear time deterministic algorithm for computing spanners for unweighted
graphs},

  Author                   = {S.~Halperin and U.~Zwick},
  Note                     = {Manuscript},
  Year                     = {1996},

  Owner                    = {hungle},
  Timestamp                = {2020.03.19}
}

@Article{HarPeled04,
  Title                    = {Clustering Motion},
  Author                   = {S.~Har-Peled},
  Journal                  = {Discrete and Computational Geometry},
  Year                     = {2004},
  Number                   = {4},
  Pages                    = {545--565},
  Volume                   = {31},

  Doi                      = {10.1007/s00454-004-2822-7},
  Owner                    = {hungle},
  Timestamp                = {2020.04.23}
}

@InProceedings{HIS13,
  Title                    = {Euclidean Spanners in High Dimensions},
  Author                   = {S.~Har-Peled and P.~Indyk and A.~Sidiropoulos},
  Booktitle                = {Proceedings of the 24th Annual {ACM}-{SIAM} Symposium on Discrete Algorithms},
  Year                     = {2013},
  Pages                    = {﻿804--809},
  Series                   = {SODA `13},

  Doi                      = {﻿10.1137/1.9781611973105.57},
  Owner                    = {hungle},
  Timestamp                = {2020.08.19}
}

@Article{HR15,
  Title                    = {Net and Prune: {A} Linear Time Algorithm for Euclidean Distance Problems},
  Author                   = {S.~Har-Peled and B.~Raichel},
  Journal                  = {Journal of the {ACM}},
  Year                     = {2015},
  Number                   = {6},
  Pages                    = {1--35},
  Volume                   = {62},

  Doi                      = {https://doi.org/10.1145/2831230},
  Owner                    = {hungle},
  Timestamp                = {2020.04.23}
}

@InProceedings{HS05,
  Title                    = {How Fast is the $K$-Means Method?},
  Author                   = {S.~Har-Peled and B.~Sadri},
  Booktitle                = {Proceedings of the 16th Annual ACM-SIAM Symposium on Discrete Algorithms},
  Year                     = {2006},
  Pages                    = {877–885},
  Series                   = {SODA `05},

  Owner                    = {hungle},
  Timestamp                = {2020.04.28}
}

@InProceedings{HP00,
  Title                    = {Sparse communication networks and efficient
routing in the plane},
  Author                   = {Y.~Hassin and D.~Peleg},
  Booktitle                = {Proc. of 19th PODC},
  Year                     = {2000},
  Pages                    = {41-50}
}

@Book{Heinonen01,
  Title                    = {Lectures on analysis on metric spaces},
  Author                   = {J.~Heinonen},
  Publisher                = {Springer New York},
  Year                     = {2001},
  Series                   = {Universitext},

  Owner                    = {hungl},
  Timestamp                = {2017.10.11}
}

@Article{HK71,
  Title                    = {The Traveling-salesman Problem and Minimum Spanning Trees: {P}art {II}},
  Author                   = {M.~Held and R.~M. Karp},
  Journal                  = {Mathematical Programming},
  Year                     = {1971},
  Number                   = {1},
  Pages                    = {6--25},
  Volume                   = {1},

  Doi                      = {10.1007/BF01584070},
  Owner                    = {hungl},
  Timestamp                = {2018.03.12}
}

@Article{HSWPZ09,
  Title                    = {Engineering planar separator algorithms},
  Author                   = {Holzer, Martin and Schulz, Frank and Wagner, Dorothea and Prasinos, Grigorios and Zaroliagis, Christos},
  Journal                  = {Journal of Experimental Algorithmics (JEA)},
  Year                     = {2009},
  Pages                    = {5},
  Volume                   = {14},

  Date-added               = {2018-04-07 22:52:56 +0000},
  Date-modified            = {2018-04-07 22:53:44 +0000},
  Owner                    = {hungl},
  Timestamp                = {2018.04.23}
}

@Article{Hosono90,
  Title                    = {Induced forests in trees and outerplanar graphs},
  Author                   = {K. Hosono},
  Journal                  = {Proceedings of the Faculty of Science of Tokai University },
  Year                     = {1990},
  Pages                    = {27-29},
  Volume                   = {25},

  Owner                    = {hungl},
  Timestamp                = {2017.04.10}
}

@Article{IT12,
  Title                    = {The Steiner Ratio {G}ilbert-{P}ollak Conjecture Is Still Open: {C}larification Statement},
  Author                   = {A.~O. Ivanov and A.~A. Tuzhilin},
  Journal                  = {Algori},
  Year                     = {2012},
  Number                   = {1-2},
  Pages                    = {630--632},
  Volume                   = {62},

  Owner                    = {hungle},
  Timestamp                = {2019.04.03}
}

@Article{Iwata16,
  Title                    = {Linear-time kernelization for feedback vertex set},
  Author                   = {Iwata, Yoichi},
  Journal                  = {CoRR},
  Year                     = {2016},

  Date-added               = {2018-03-29 23:17:06 +0000},
  Date-modified            = {2018-04-07 17:45:04 +0000},
  Owner                    = {hungl},
  Timestamp                = {2018.04.23}
}

@Article{IWY16,
  Title                    = {Half-integrality, {LP}-branching, and {FPT} algorithms},
  Author                   = {Iwata, Yoichi and Wahlstr{\"o}m, Magnus and Yoshida, Yuichi},
  Journal                  = {SIAM Journal on Computing},
  Year                     = {2016},
  Number                   = {4},
  Pages                    = {1377--1411},
  Volume                   = {45},

  Date-added               = {2018-03-29 23:18:44 +0000},
  Date-modified            = {2018-04-17 02:41:30 +0000},
  Owner                    = {hungl},
  Timestamp                = {2018.04.23}
}

@InProceedings{JLZ18,
  Title                    = {Odd Yao-Yao Graphs are Not Spanners},
  Author                   = {Yifei Jin and
 Jian Li and
 Wei Zhan},
  Booktitle                = {34th International Symposium on Computational Geometry, SoCG 2018,
 June 11-14, 2018, Budapest, Hungary},
  Year                     = {2018},
  Pages                    = {49:1--49:15}
}

@Article{johnson87,
  Title                    = {The {NP}-completeness Column: {A}n Ongoing Guide (column 19)},
  Author                   = {D.~S. Johnson},
  Journal                  = {Journal of Algorithms},
  Year                     = {1987},
  Number                   = {3},
  Pages                    = {438--448},
  Volume                   = {8},

  Owner                    = {hungl},
  Timestamp                = {2017.03.23}
}

@Article{Jordan69,
  Title                    = {Sur les assemblages de lignes},
  Author                   = {C.~Jordan},
  Journal                  = {Journal f{\"u}r die reine und angewandte Mathematik},
  Year                     = {1869},
  Pages                    = {185--190},
  Volume                   = {70},

  Owner                    = {hungle},
  Timestamp                = {2020.03.23}
}

@Article{KKT95,
  Title                    = {A randomized linear-time algorithm to find minimum spanning trees},
  Author                   = {D.~R.~Karger and P.~N.~Klein and R.~E.~Tarjan},
  Journal                  = {Journal of the {ACM}},
  Year                     = {1995},
  Number                   = {2},
  Pages                    = {321--328},
  Volume                   = {42},

  Doi                      = {10.1145/201019.201022},
  Owner                    = {hungle},
  Timestamp                = {2020.10.12}
}

@Article{Karp77,
  Title                    = {Probabilistic Analysis of Partitioning Algorithms for the Traveling-Salesman Problem in the Plane},
  Author                   = {R.~M. Karp},
  Journal                  = {Mathematics of Operations Research},
  Year                     = {1977},
  Number                   = {3},
  Pages                    = {209--224},
  Volume                   = {2},

  Doi                      = {https://doi.org/10.1287/moor.2.3.209},
  Owner                    = {hungle},
  Timestamp                = {2020.04.26}
}

@InCollection{Karp72,
  Title                    = {Reducibility among combinatorial problems},
  Author                   = {R.~M. Karp},
  Booktitle                = {Complexity of Computer Computations},
  Publisher                = {Springer US},
  Year                     = {1972},
  Pages                    = {85--103},

  Owner                    = {hungl},
  Timestamp                = {2017.03.29}
}

@Article{KMS15,
  Title                    = {New inapproximability bounds for {TSP}},
  Author                   = {M.~Karpinski and M.~Lampis and R.~Schmied},
  Journal                  = {Journal of Computer and System Sciences},
  Year                     = {2015},
  Number                   = {8},
  Pages                    = {1665--1677},
  Volume                   = {81},

  Owner                    = {hungle},
  Timestamp                = {2019.06.05}
}

@Article{KLP19,
  Title                    = {Structural parameters, tight bounds, and approximation for (k, r)-center},
  Author                   = {Ioannis Katsikarelis and
 Michael Lampis and
 Vangelis Th. Paschos},
  Journal                  = {Discret. Appl. Math.},
  Year                     = {2019},
  Pages                    = {90--117},
  Volume                   = {264},

  Bibsource                = {dblp computer science bibliography, https://dblp.org},
  Biburl                   = {https://dblp.org/rec/journals/dam/KatsikarelisLP19.bib},
  Doi                      = {10.1016/j.dam.2018.11.002},
  Timestamp                = {Thu, 20 Feb 2020 15:47:54 +0100},
  Url                      = {https://doi.org/10.1016/j.dam.2018.11.002}
}

@Article{Kavitha17,
  Title                    = {New Pairwise Spanners},
  Author                   = {T.~Kavitha},
  Journal                  = {Theory of Computing Systems},
  Year                     = {2017},
  Number                   = {4},
  Pages                    = {1011--1036},
  Volume                   = {61},

  Doi                      = {10.1007/s00224-016-9736-7},
  Owner                    = {hungl},
  Timestamp                = {2018.03.12}
}

@InProceedings{KV13,
  Title                    = {Small Stretch Pairwise Spanners},
  Author                   = {T.~Kavitha and N.~M. Varma},
  Booktitle                = {Proceedings of the 40th International Conference on Automata, Languages, and Programming},
  Year                     = {2013},
  Pages                    = {601--612},
  Series                   = {ICALP'13},

  Doi                      = {10.1007/978-3-642-39206-1_51},
  Owner                    = {hungl},
  Timestamp                = {2018.03.12}
}

@InProceedings{KKS11,
  Title                    = {Linear-Space Approximate Distance Oracles for Planar, Bounded-Genus and Minor-Free Graphs},
  Author                   = {K.~Kawarabayashi and P.~N.~Klein and C.~Sommer},
  Booktitle                = {The 38th International Colloquium on Automata, Languages and Programming},
  Year                     = {2011},
  Pages                    = {135--146},
  Series                   = {ICALP `11},

  Doi                      = {10.1007/978-3-642-22006-7_12},
  Owner                    = {hungle},
  Timestamp                = {2020.04.10}
}

@InProceedings{KR10,
  Title                    = {A Separator Theorem in Minor-Closed Classes},
  Author                   = {K.~Kawarabayashi and B.~Reed},
  Booktitle                = {Proceedings of the 2010 IEEE 51st Annual Symposium on Foundations of Computer Science},
  Year                     = {2010},
  Pages                    = {153--162},
  Series                   = {FOCS '10},

  Doi                      = {10.1109/FOCS.2010.22},
  Owner                    = {hungl},
  Timestamp                = {2017.03.28}
}

@InProceedings{Keil88,
  Title                    = {Approximating the Complete Euclidean Graph},
  Author                   = {J.~M. Keil},
  Booktitle                = {Proceedings of the first Scandinavian Workshop on Algorithm Theory},
  Year                     = {1988},
  Pages                    = {208--213},
  Series                   = {SWAT `88},

  Owner                    = {hungle},
  Timestamp                = {2019.04.02}
}

@Article{KG92,
  Title                    = {Classes of Graphs Which Approximate the Complete {E}uclidean Graph},
  Author                   = {J.~M. Keil and C.~A. Gutwin},
  Journal                  = {Discrete and Computational Geometry},
  Year                     = {1992},
  Number                   = {1},
  Pages                    = {13--28},
  Volume                   = {7},

  Owner                    = {hungle},
  Timestamp                = {2019.04.02}
}

@Article{KL16,
  Title                    = {Size of the Largest Induced Forest in Subcubic Graphs of Girth at least Four and Five},
  Author                   = {T.~Kelly and C.~Liu},
  Journal                  = {arXiv:1603.03855},
  Year                     = {2016},

  Owner                    = {hungl},
  Timestamp                = {2016.11.14}
}

@Article{DBLP:journals/corr/abs-1901-08805,
  Title                    = {Metric Spaces with Expensive Distances},
  Author                   = {Michael Kerber and
 Arnur Nigmetov},
  Journal                  = {CoRR},
  Year                     = {2019},
  Volume                   = {abs/1901.08805},

  Archiveprefix            = {arXiv},
  Bibsource                = {dblp computer science bibliography, https://dblp.org},
  Biburl                   = {https://dblp.org/rec/journals/corr/abs-1901-08805.bib},
  Eprint                   = {1901.08805},
  Timestamp                = {Sat, 02 Feb 2019 16:56:00 +0100},
  Url                      = {http://arxiv.org/abs/1901.08805}
}

@InProceedings{KD16,
  Title                    = {{PTAS} for the Euclidean Capacitated Vehicle Routing Problem in $\mathbb{R}^d$},
  Author                   = {M.~Khachay and R.~Dubinin},
  Booktitle                = {Discrete Optimization and Operations Research},
  Year                     = {2016},
  Pages                    = {193--205},

  Doi                      = {10.1007/978-3-319-44914-2_16},
  Owner                    = {hungle},
  Timestamp                = {2020.04.12}
}

@Article{Klein08,
  Title                    = {A Linear-Time Approximation Scheme for {TSP} in Undirected Planar
 Graphs with Edge-Weights},
  Author                   = {Philip N. Klein},
  Journal                  = {{SIAM} J. Comput.},
  Year                     = {2008},
  Number                   = {6},
  Pages                    = {1926--1952},
  Volume                   = {37},

  Bibsource                = {dblp computer science bibliography, https://dblp.org},
  Biburl                   = {https://dblp.org/rec/journals/siamcomp/Klein08.bib},
  Doi                      = {10.1137/060649562},
  Timestamp                = {Sat, 27 May 2017 14:22:58 +0200},
  Url                      = {https://doi.org/10.1137/060649562}
}

@InProceedings{Klein06,
  Title                    = {Subset Spanner for Planar Graphs, with Application to Subset {TSP}},
  Author                   = {P.~N. Klein},
  Booktitle                = {Proceedings of the 38th Annual ACM Symposium on Theory of Computing},
  Year                     = {2006},
  Pages                    = {749--756},
  Series                   = {STOC '06},

  Doi                      = {http://doi.acm.org/10.1145/1132516.1132620},
  Owner                    = {hungl},
  Timestamp                = {2017.12.03}
}

@InProceedings{Klein05,
  Title                    = {A Linear-time Approximation Scheme for Planar Weighted {TSP}},
  Author                   = {P.~N. Klein},
  Booktitle                = {Proceedings of the 46th Annual IEEE Symposium on Foundations of Computer Science},
  Year                     = {2005},
  Pages                    = {647--657},
  Series                   = {FOCS '05},

  Doi                      = {10.1109/SFCS.2005.7},
  Owner                    = {hungl},
  Timestamp                = {2017.03.15}
}

@InProceedings{KM14,
  Title                    = {A subexponential parameterized algorithm for Subset TSP},
  Author                   = {P.~N.~Klein and D.~Marx},
  Booktitle                = {Proceedings of the 25th Annual ACM-SIAM Symposium on Discrete Algorithms},
  Year                     = {2014},
  Pages                    = {1812--1830},
  Series                   = {SODA '14},

  Owner                    = {hungl},
  Timestamp                = {2018.03.12}
}

@InProceedings{KPR93,
  Title                    = {Excluded Minors, Network Decomposition, and Multicommodity Flow},
  Author                   = {P.~N.~Klein and S.~A.~Plotkin and S.~Rao},
  Booktitle                = {Proceedings of the 25th Annual ACM Symposium on Theory of Computing},
  Year                     = {1993},
  Pages                    = {682–690},
  Series                   = {STOC `93},

  Doi                      = {10.1145/167088.167261},
  Owner                    = {hungle},
  Timestamp                = {2020.03.23}
}

@Article{KK01,
  Title                    = {Wavelength Conversion in Optical Networks},
  Author                   = {J. Kleinberg and A. Kumar},
  Journal                  = {Journal of Algorithms},
  Year                     = {2001},
  Pages                    = {25--50},
  Volume                   = {38},

  Date-added               = {2017-03-16 17:41:17 +0000},
  Date-modified            = {2017-03-16 17:42:29 +0000},
  Owner                    = {hungl},
  Timestamp                = {2017.03.30}
}

@Book{Kloks94,
  Title                    = {Treewidth, Computations and Approximations},
  Author                   = {T.~Kloks},
  Publisher                = {Springer},
  Year                     = {1994},
  Series                   = {Lecture Notes in Computer Science},
  Volume                   = {842},

  Doi                      = {10.1007/BFb0045375},
  Owner                    = {hunglv},
  Timestamp                = {2014.04.15}
}

@Article{Kostochka82,
  Title                    = {The minimum {H}adwiger number for graphs with a given mean degree of vertices},
  Author                   = {A.~V.~Kostochka},
  Journal                  = {Metody Diskret. Analiz.},
  Year                     = {1982},
  Number                   = {38},
  Pages                    = {37--58},

  Owner                    = {hungle},
  Timestamp                = {2020.10.31}
}

@Article{KLS10,
  Title                    = {An improved bound on the largest induced forests for triangle-free planar graphs},
  Author                   = {L.~Kowalik and B.~Lu\v{z}ar and R.~\v{S}krekovski},
  Journal                  = {Discrete Mathematics and Theoretical Computer Science},
  Year                     = {2010},
  Number                   = {1},
  Pages                    = {87--100},
  Volume                   = {12},

  Owner                    = {hungl},
  Timestamp                = {2016.09.28}
}

@Book{Kozen12,
  Title                    = {The design and analysis of algorithms},
  Author                   = {Kozen, Dexter C},
  Publisher                = {Springer Science \& Business Media},
  Year                     = {2012},

  Date-added               = {2018-04-20 21:03:19 +0000},
  Date-modified            = {2018-04-20 21:05:32 +0000},
  Owner                    = {hungl},
  Timestamp                = {2018.04.23}
}

@Article{KLMN04,
  Title                    = {Measured descent: a new embedding method for finite metrics},
  Author                   = {Krauthgamer, Robert and Lee, James R. and Mendel, Manor and Naor, Assaf},
  Journal                  = {Geometric and Functional Analysis},
  Year                     = {2005},
  Number                   = {4},
  Pages                    = {839-858},
  Volume                   = {15},

  Doi                      = {10.1007/s00039-005-0527-6},
  ISSN                     = {1016-443X},
  Language                 = {English},
  Publisher                = {Birkhäuser-Verlag},
  Url                      = {http://dx.doi.org/10.1007/s00039-005-0527-6}
}

@Article{KNZ14,
  Title                    = {Preserving Terminal Distances Using Minors},
  Author                   = {Robert Krauthgamer and
 Huy L. Nguyen and
 Tamar Zondiner},
  Journal                  = {{SIAM} J. Discrete Math.},
  Year                     = {2014},
  Number                   = {1},
  Pages                    = {127--141},
  Volume                   = {28},

  Bibsource                = {dblp computer science bibliography, https://dblp.org},
  Biburl                   = {https://dblp.org/rec/journals/siamdm/KrauthgamerNZ14.bib},
  Doi                      = {10.1137/120888843},
  Timestamp                = {Fri, 26 May 2017 22:54:47 +0200},
  Url                      = {https://doi.org/10.1137/120888843}
}

@Article{Kuratowski30,
  Title                    = {Sur le probl\`{e}me des courbes gauches en topologie},
  Author                   = {C.~Kuratowski},
  Journal                  = {Fundamenta mathematicae},
  Year                     = {1930},
  Number                   = {1},
  Pages                    = {271--283},
  Volume                   = {15},

  Owner                    = {hungl},
  Timestamp                = {2017.03.26}
}

@Article{BLS17,
  Title                    = {Large Induced Acyclic and Outerplanar Subgraphs of 2-Outerplanar Graph},
  Author                   = {G.~Borradaile H.~Le and M.~Sherman-Bennett},
  Journal                  = {Graphs and Combinatorics},
  Year                     = {2017},
  Number                   = {6},
  Pages                    = {1621--1634},
  Volume                   = {33},

  Doi                      = {https://doi.org/10.1007/s00373-017-1859-3},
  Owner                    = {hungl},
  Timestamp                = {2018.04.25}
}

@Article{Le16,
  Title                    = {A better bound on the largest induced forests in triangle-free planar graphs},
  Author                   = {H.~Le},
  Journal                  = {ArXiv e-prints},
  Year                     = {2016},

  Owner                    = {hungl},
  Timestamp                = {2018.04.25}
}

@InProceedings{LS20,
  Title                    = {Light Euclidean Spanners with Steiner Points.},
  Author                   = {H.~Le and S.~Solomon},
  Booktitle                = {28th Annual European Symposium on Algorithms},
  Year                     = {2020},
  Note                     = {Full version at \url{https://arxiv.org/pdf/2007.11636.pdf}},

  Bibsource                = {dblp computer science bibliography, https://dblp.org},
  Biburl                   = {https://dblp.org/rec/conf/focs/LeS19.bib},
  Owner                    = {hungle},
  Timestamp                = {Tue, 07 Jan 2020 13:31:39 +0100}
}

@Article{LZ18,
  Title                    = {Local Search is a PTAS for Feedback Vertex Set in Minor-free Graphs},
  Author                   = {H.~Le and B.~Zheng},
  Journal                  = {ArXiv e-prints},
  Year                     = {2018},

  Owner                    = {hungl},
  Timestamp                = {2018.04.25}
}

@InProceedings{LL89,
  Title                    = {There are planar graphs almost as good as the complete graphs and as short as minimum spanning trees},
  Author                   = {C.~Levcopoulos and A.~Lingas},
  Booktitle                = {International Symposium on Optimal Algorithms},
  Year                     = {1989},
  Pages                    = {9--13},

  Owner                    = {hungl},
  Timestamp                = {2017.10.11}
}

@InProceedings{LZ16,
  Title                    = {Almost All Even Yao-Yao Graphs Are Spanners},
  Author                   = {Jian Li and
 Wei Zhan},
  Booktitle                = {24th Annual European Symposium on Algorithms, {ESA} 2016, August 22-24,
 2016, Aarhus, Denmark},
  Year                     = {2016},
  Pages                    = {62:1--62:13}
}

@Article{Li11,
  Title                    = {Concise Formulas for the Area and Volume of a Hyperspherical Cap},
  Author                   = {S.~Li},
  Journal                  = {Asian Journal of Mathematics and Statistics},
  Year                     = {2011},
  Number                   = {1},
  Pages                    = {66--70},
  Volume                   = {4},

  Doi                      = {10.3923/ajms.2011.66.70},
  Owner                    = {hungle},
  Timestamp                = {2019.01.30}
}

@Article{LiCWW03,
  Title                    = {Localized Delaunay Triangulation with Application in Ad Hoc Wireless
 Networks},
  Author                   = {Xiang{-}Yang Li and
 Gruia C{\u{a}}linescu and
 Peng{-}Jun Wan and
 Yu Wang},
  Journal                  = {{IEEE} Trans. Parallel Distributed Syst.},
  Year                     = {2003},
  Number                   = {10},
  Pages                    = {1035--1047},
  Volume                   = {14}
}

@InProceedings{LCW02,
  Title                    = {Distributed construction of a planar spanner and routing for ad hoc wireless networks},
  Author                   = {X.~Li and G.~Calinescu and  P.~Wan},
  Booktitle                = {Proceedings of 21st Annual Joint Conference of the {IEEE} Computer and Communications Societies},
  Year                     = {2002},
  Pages                    = {1268--1277},

  Doi                      = {10.1109/infcom.2002.1019377},
  Owner                    = {hungle},
  Timestamp                = {2020.11.06}
}

@Article{LW04,
  Title                    = {Efficient construction of low weighted bounded degree planar spanner},
  Author                   = {X.~Li and Y.~Wang},
  Journal                  = {International Journal of Computational Geometry {\&} Applications},
  Year                     = {2004},
  Number                   = {﻿01n02},
  Pages                    = {69--84},
  Volume                   = {14},

  Doi                      = {10.1142/s0218195904001366},
  Owner                    = {hungle},
  Timestamp                = {2020.11.06}
}

@Article{LT79,
  Title                    = {A separator theorem for planar graphs},
  Author                   = {R. Lipton and R. Tarjan},
  Journal                  = {SIAM Journal on Applied Mathematics},
  Year                     = {1979},
  Number                   = {2},
  Pages                    = {177-189},
  Volume                   = {36},

  Date-added               = {2017-03-15 17:20:08 +0000},
  Date-modified            = {2017-03-15 17:29:29 +0000},
  Owner                    = {glencora},
  Timestamp                = {2007.09.11}
}

@InBook{Lipton10,
  Title                    = {People, Problems, and Proofs: Essays from G{\"o}del's Lost Letter: 2010},
  Author                   = {R.~J. Lipton and K.~W. Regan},
  Chapter                  = {David Johnson: Galactic Algorithms},
  Pages                    = {109--112},
  Publisher                = {Springer Berlin Heidelberg},
  Year                     = {2013},

  Doi                      = {10.1007/978-3-642-41422-0_20},
  Owner                    = {hungl},
  Timestamp                = {2017.03.23}
}

@Article{LT80,
  Title                    = {Applications of a Planar Separator Theorem},
  Author                   = {R.~J. Lipton and R.~E. Tarjan},
  Journal                  = {SIAM Journal on Computing},
  Year                     = {1980},
  Number                   = {3},
  Pages                    = {615-627},
  Volume                   = {9},

  Doi                      = {10.1137/0209046},
  Owner                    = {hungl},
  Timestamp                = {2017.03.28}
}

@InProceedings{LT77,
  Title                    = {Applications of a planar separator theorem},
  Author                   = {R.~J. Lipton and R.~E. Tarjan},
  Booktitle                = {Proceedings of the 18th Annual Symposium on Foundations of Computer Science},
  Year                     = {1977},
  Pages                    = {162-170},
  Series                   = {FOCS'77},

  Doi                      = {10.1109/SFCS.1977.6},
  Owner                    = {hungl},
  Timestamp                = {2017.04.10}
}

@Article{Luccio98,
  Title                    = {Almost exact minimum feedback vertex set in meshes and butterflies},
  Author                   = {Luccio, Flaminia L},
  Journal                  = {Inf. Process. Lett.},
  Year                     = {1998},
  Number                   = {2},
  Pages                    = {59--64},
  Volume                   = {66},

  Date-added               = {2018-04-02 23:19:06 +0000},
  Date-modified            = {2018-04-07 17:45:13 +0000},
  Owner                    = {hungl},
  Timestamp                = {2018.04.23}
}

@Article{LMZ15,
  Title                    = {Maximum 4-degenerate subgraph of a planar graph},
  Author                   = {R.~Lukot'ka and J.~Maz{\'a}k and X.~Zhu},
  Journal                  = {The Electronic Journal of Combinatorics},
  Year                     = {2015},
  Number                   = {1},
  Pages                    = {P1--11},
  Volume                   = {22},

  Owner                    = {hungl},
  Timestamp                = {2016.09.28}
}

@Article{Mader68,
  Title                    = {Homomorphies{\"a}tze f{\"u}r Graphen},
  Author                   = {W.~Mader},
  Journal                  = {Mathematische Annalen},
  Year                     = {1968},
  Number                   = {2},
  Pages                    = {154--168},
  Volume                   = {178},

  Doi                      = {10.1007/BF01350657},
  Owner                    = {hungl},
  Timestamp                = {2017.03.02}
}

@Article{MP00,
  Title                    = {An Approximation Algorithm for Min-Cost
Network Design},
  Author                   = {Y.~Mansour and D.~Peleg},
  Journal                  = {DIMACS Series in Discr. Math and TCS},
  Year                     = {2000},
  Pages                    = {97-106},
  Volume                   = {53}
}

@Article{Mare04,
  Title                    = {Two linear time algorithms for MST on minor closed graph classes},
  Author                   = {M.~Mare{\v{s}}},
  Journal                  = {Archivum Mathematicum},
  Year                     = {2004},
  Number                   = {3},
  Pages                    = {315--320},
  Volume                   = {40},

  Owner                    = {hungle},
  Timestamp                = {2020.10.22}
}

@Article{MPP17,
  Title                    = {On subexponential parameterized algorithms for Steiner Tree and Directed Subset TSP on planar graphs},
  Author                   = {D.~Marx and M.~Pilipczuk and M.~Pilipczuk},
  Journal                  = {arXiv preprint arXiv:1707.02190},
  Year                     = {2017},

  Owner                    = {hungl},
  Timestamp                = {2018.03.12}
}

@Article{MGJ09,
  Title                    = {Computational study on planar dominating set problem},
  Author                   = {Marzban, Marjan and Gu, Qian-Ping and Jia, Xiaohua},
  Journal                  = {Theoretical Computer Science},
  Year                     = {2009},
  Number                   = {52},
  Pages                    = {5455--5466},
  Volume                   = {410},

  Date-added               = {2018-04-18 19:42:12 +0000},
  Date-modified            = {2018-04-18 19:42:48 +0000},
  Owner                    = {hungl},
  Timestamp                = {2018.04.23}
}

@InCollection{MSL10,
  Title                    = {Traveling Salesman Problem: {A}n Overview of Applications, Formulations, and Solution Approaches},
  Author                   = {R.~Matai and S.~Singh and M.~Lal},
  Booktitle                = {Traveling Salesman Problem, Theory and Applications},
  Publisher                = {{InTech}},
  Year                     = {2010},

  Doi                      = {10.5772/12909},
  Owner                    = {hungl},
  Timestamp                = {2018.04.25}
}

@Article{Mehlhorn88,
  Title                    = {A faster approximation algorithm for the Steiner problem in graphs},
  Author                   = {K.~Mehlhorn},
  Journal                  = {Information Processing Letters},
  Year                     = {1988},
  Number                   = {3},
  Pages                    = {125 -- 128},
  Volume                   = {27},

  Doi                      = {https://doi.org/10.1016/0020-0190(88)90066-X},
  Owner                    = {hunl},
  Timestamp                = {2018.10.13}
}

@InProceedings{MNU97,
  Title                    = {The {LEDA} platform for combinatorial and geometric computing},
  Author                   = {Mehlhorn, Kurt and N{\"a}her, Stefan and Uhrig, Christian},
  Booktitle                = {International Colloquium on Automata, Languages, and Programming},
  Year                     = {1997},
  Organization             = {Springer},
  Pages                    = {7--16},

  Date-added               = {2018-03-30 01:17:58 +0000},
  Date-modified            = {2018-04-17 02:43:22 +0000},
  Owner                    = {hungl},
  Timestamp                = {2018.04.23}
}

@Article{Miller86,
  Title                    = {Finding small simple cycle separators for 2-connected planar graphs},
  Author                   = {G.~L. Miller},
  Journal                  = {Journal of Computer and System Sciences},
  Year                     = {1986},
  Number                   = {3},
  Pages                    = {265 -- 279},
  Volume                   = {32},

  Doi                      = {https://doi.org/10.1016/0022-0000(86)90030-9},
  Owner                    = {hunl},
  Timestamp                = {2018.10.06}
}

@Article{Mitchell99,
  Title                    = {Guillotine Subdivisions Approximate Polygonal Subdivisions: {A} Simple
 Polynomial-Time Approximation Scheme for Geometric TSP, k-MST, and
 Related Problems},
  Author                   = {Joseph S. B. Mitchell},
  Journal                  = {{SIAM} J. Comput.},
  Year                     = {1999},
  Number                   = {4},
  Pages                    = {1298--1309},
  Volume                   = {28},

  Bibsource                = {dblp computer science bibliography, https://dblp.org},
  Biburl                   = {https://dblp.org/rec/journals/siamcomp/Mitchell99.bib},
  Doi                      = {10.1137/S0097539796309764},
  Timestamp                = {Wed, 14 Nov 2018 10:45:07 +0100},
  Url                      = {https://doi.org/10.1137/S0097539796309764}
}

@Book{MT01,
  Title                    = {Graphs on Surfaces},
  Author                   = {B.~Mohar and C.~Thomassen},
  Publisher                = {Johns Hopkins University Press},
  Year                     = {2001},

  Owner                    = {hungle},
  Timestamp                = {2020.03.23}
}

@InProceedings{MS04,
  Title                    = {Maximum Matchings in Planar Graphs via Gaussian Elimination},
  Author                   = {M.~Mucha and P.~Sankowski},
  Booktitle                = {Proceedings of the 12th Annual European Symposium on Algorithms},
  Year                     = {2004},
  Pages                    = {532--543},
  Series                   = {ESA '04},

  Doi                      = {10.1007/978-3-540-30140-0_48},
  Owner                    = {hungl},
  Timestamp                = {2017.04.10}
}

@Article{MR10,
  Title                    = {Improved Results on Geometric Hitting Set Problems},
  Author                   = {N.~H. Mustafa and S.~Ray},
  Journal                  = {Discrete $\&$ Computational Geometry},
  Year                     = {2010},
  Number                   = {4},
  Pages                    = {883--895},
  Volume                   = {44},

  Bdsk-url-1               = {http://dx.doi.org/10.1007/s00454-010-9285-9},
  Doi                      = {10.1007/s00454-010-9285-9},
  Owner                    = {hungl},
  Timestamp                = {2016.12.26}
}

@Book{NS07,
  Title                    = {Geometric Spanner Networks},
  Author                   = {G. Narasimhan and M. Smid},
  Publisher                = {Cambridge University Press},
  Year                     = {2007},

  Owner                    = {hungle},
  Timestamp                = {2019.01.25}
}

@InBook{NS07C,
  Title                    = {Geometric Spanner Networks},
  Author                   = {G. Narasimhan and M. Smid},
  Chapter                  = {Geometric Analysis: The Leapfrog Property},
  Pages                    = {257-317},
  Publisher                = {Cambridge University Press},
  Year                     = {2007},

  Owner                    = {hungl},
  Timestamp                = {2017.10.11}
}

@InProceedings{NR19,
  Title                    = {Viewing the Rings of a Tree: Minimum Distortion Embeddings into Trees},
  Author                   = {A.~Nayyeri and B.~Raichel},
  Booktitle                = {Proceedings of the 30th Annual {ACM}-{SIAM} Symposium on Discrete Algorithms},
  Year                     = {2019},
  Pages                    = {2380--2399},
  Series                   = {SODA `19},

  Doi                      = {10.1137/1.9781611975482.146},
  Owner                    = {hungle},
  Timestamp                = {2020.04.28}
}

@InProceedings{NR17,
  Title                    = {A Treehouse with Custom Windows: {M}inimum Distortion Embeddings into Bounded Treewidth Graphs},
  Author                   = {A.~Nayyeri and B.~Raichel},
  Booktitle                = {Proceedings of the 28 th Annual {ACM}-{SIAM} Symposium on Discrete Algorithm},
  Year                     = {2017},
  Pages                    = {724–736},
  Series                   = {SODA `17},

  Doi                      = {10.1137/1.9781611974782.46},
  Owner                    = {hungle},
  Timestamp                = {2020.04.28}
}

@InProceedings{NR15,
  Title                    = {Reality Distortion: {E}xact and Approximate Algorithms for Embedding into the Line},
  Author                   = {A.~Nayyeri and B.~Raichel},
  Booktitle                = {Proceedings of the 56th Annual Symposium on Foundations of Computer Science},
  Year                     = {2015},
  Pages                    = {729–747},
  Series                   = {FOCS `15},

  Doi                      = {10.1109/FOCS.2015.50},
  Owner                    = {hungle},
  Timestamp                = {2020.04.28}
}

@Book{Oxley06,
  Title                    = {Matroid theory},
  Author                   = {J.~G. Oxley},
  Publisher                = {Oxford University Press, USA},
  Year                     = {2006},
  Volume                   = {3},

  Owner                    = {hungl},
  Timestamp                = {2017.12.21}
}

@Article{PY93,
  Title                    = {The {T}raveling {S}alesman {P}roblem with Distances One and Two},
  Author                   = {C.~H.~Papadimitriou and M.~Yannakakis},
  Journal                  = {Mathematics of Operations Research},
  Year                     = {1993},
  Number                   = {1},
  Pages                    = {1--11},
  Volume                   = {18},

  Doi                      = {10.2307/3690150},
  Owner                    = {hungle},
  Timestamp                = {2020.04.02}
}

@Article{PQR98,
  Title                    = {A greedy randomized adaptive search procedure for the feedback vertex set problem},
  Author                   = {Pardalos, Panos M and Qian, Tianbing and Resende, Mauricio GC},
  Journal                  = {Journal of Combinatorial Optimization},
  Year                     = {1998},
  Number                   = {4},
  Pages                    = {399--412},
  Volume                   = {2},

  Date-added               = {2018-04-07 19:41:16 +0000},
  Date-modified            = {2018-04-07 19:42:24 +0000},
  Owner                    = {hungl},
  Timestamp                = {2018.04.23}
}

@Book{Peleg00,
  Title                    = {Distributed Computing: A Locality-Sensitive Approach},
  Author                   = {David Peleg},
  Publisher                = {SIAM},
  Year                     = {2000},

  Address                  = {Philadelphia, PA}
}

@Article{Peleg00Prox,
  Title                    = {Proximity-preserving labeling schemes},
  Author                   = {David Peleg},
  Journal                  = {Journal of Graph Theory},
  Year                     = {2000},
  Number                   = {3},
  Pages                    = {167--176},
  Volume                   = {33},

  Bibsource                = {dblp computer science bibliography, http://dblp.org},
  Biburl                   = {http://dblp.uni-trier.de/rec/bib/journals/jgt/Peleg00},
  Doi                      = {10.1002/(SICI)1097-0118(200003)33:3<167::AID-JGT7>3.0.CO;2-5},
  Timestamp                = {Thu, 18 May 2017 09:51:19 +0200},
  Url                      = {https://doi.org/10.1002/(SICI)1097-0118(200003)33:3<167::AID-JGT7>3.0.CO;2-5}
}

@Article{PelegR10,
  Title                    = {Localized spanner construction for ad hoc networks with variable transmission
 range},
  Author                   = {David Peleg and
 Liam Roditty},
  Journal                  = {{ACM} Trans. Sens. Networks},
  Year                     = {2010},
  Number                   = {3},
  Pages                    = {25:1--25:14},
  Volume                   = {7}
}

@Article{PS89,
  Title                    = {Graph spanners},
  Author                   = {D.~Peleg and A.~A. Sch\"{a}ffer},
  Journal                  = {Journal of Graph Theory},
  Year                     = {1989},
  Number                   = {1},
  Pages                    = {99--116},
  Volume                   = {13},

  Doi                      = {10.1002/jgt.3190130114},
  Owner                    = {hungl},
  Timestamp                = {2017.03.14}
}

@Article{PU89,
  Title                    = {An Optimal Synchronizer for the Hypercube},
  Author                   = {D.~Peleg and J.~D.~Ullman},
  Journal                  = {SIAM J. Comput.},
  Year                     = {1989},
  Number                   = {4},
  Pages                    = {740-747},
  Volume                   = {18}
}

@Article{PU89b,
  Title                    = {A trade-off between space and efficiency for routing tables},
  Author                   = {David Peleg and
 Eli Upfal},
  Journal                  = {J. ACM},
  Year                     = {1989},
  Number                   = {3},
  Pages                    = {510-530},
  Volume                   = {36}
}

@InProceedings{PK08,
  Title                    = {On Geometric Spanners of Euclidean and Unit Disk Graphs},
  Author                   = {L.~Perkovic and I.~A.~Kanj},
  Booktitle                = {25th International Symposium on Theoretical Aspects of Computer Science},
  Year                     = {2008},
  Pages                    = {409--420},
  Series                   = {STACS `08},

  Owner                    = {hungle},
  Timestamp                = {2020.11.06}
}

@Article{QZ14,
  Title                    = {Solving the undirected feedback vertex set problem by local search},
  Author                   = {Qin, Shao-Meng and Zhou, Hai-Jun},
  Journal                  = {The European Physical Journal B},
  Year                     = {2014},
  Number                   = {11},
  Pages                    = {273},
  Volume                   = {87},

  Date-added               = {2018-04-09 16:39:59 +0000},
  Date-modified            = {2018-04-09 16:40:51 +0000},
  Owner                    = {hungl},
  Timestamp                = {2018.04.23}
}

@Article{RR98,
  Title                    = {Lower Bounds on the Distortion of Embedding Finite Metric Spaces in
 Graphs},
  Author                   = {Yuri Rabinovich and
 Ran Raz},
  Journal                  = {Discrete {\&} Computational Geometry},
  Year                     = {1998},
  Number                   = {1},
  Pages                    = {79--94},
  Volume                   = {19}
}

@InProceedings{RS98,
  Title                    = {Approximating Geometrical Graphs via ``Spanners'' and ``Banyans''},
  Author                   = {S.~B. Rao and W.~D. Smith},
  Booktitle                = {Proceedings of the 30th Annual ACM Symposium on Theory of Computing},
  Year                     = {1998},
  Note                     = {Full version at http://graphics.stanford.edu/courses/cs468-06-winter/Papers/rs-tsp.pdf},
  Pages                    = {540--550},
  Series                   = {STOC '98},

  Doi                      = {10.1145/276698.276868},
  Owner                    = {hungl},
  Timestamp                = {2017.03.15}
}

@Article{RW,
  Title                    = {On the Vertex-arboricity of Planar Graphs},
  Author                   = {A. Raspaud and W. Wang},
  Journal                  = {European Journal of Combinatorics},
  Year                     = {2008},
  Pages                    = {1064-1075},
  Volume                   = {29},

  Issue                    = {4},
  Owner                    = {hungl},
  Timestamp                = {2017.04.10}
}

@InProceedings{Ringel65,
  Title                    = {Das Geschlecht des vollst{\"a}ndigen paaren Graphen},
  Author                   = {G.~Ringel},
  Booktitle                = {Abhandlungen aus dem Mathematischen Seminar der Universit{\"a}t Hamburg},
  Year                     = {1965},
  Number                   = {3},
  Pages                    = {139--150},
  Volume                   = {28},

  Owner                    = {hungl},
  Timestamp                = {2017.04.10}
}

@Article{RS04,
  Title                    = {Graph Minors. {XX}. {W}agner's Conjecture},
  Author                   = {N.~Robertson and P.~D. Seymour},
  Journal                  = {Journal of Combinatorial Theory Series B},
  Year                     = {2004},
  Number                   = {2},
  Pages                    = {325--357},
  Volume                   = {92},

  Doi                      = {10.1016/j.jctb.2004.08.001},
  Owner                    = {hungl},
  Timestamp                = {2018.04.25}
}

@Article{RS03,
  Title                    = {Graph Minors. {XVI}. {E}xcluding a Non-planar Graph},
  Author                   = {N.~Robertson and P.~D. Seymour},
  Journal                  = {Journal of Combinatoral Theory Series B},
  Year                     = {2003},
  Number                   = {1},
  Pages                    = {43--76},
  Volume                   = {89},

  Doi                      = {10.1016/S0095-8956(03)00042-X},
  Owner                    = {hungl},
  Timestamp                = {2017.03.17}
}

@Article{RZ11,
  Title                    = {On Dynamic Shortest Paths Problems},
  Author                   = {Liam Roditty and
 Uri Zwick},
  Journal                  = {Algorithmica},
  Year                     = {2011},
  Number                   = {2},
  Pages                    = {389--401},
  Volume                   = {61},

  Bibsource                = {dblp computer science bibliography, http://dblp.org},
  Biburl                   = {http://dblp.uni-trier.de/rec/bib/journals/algorithmica/RodittyZ11},
  Doi                      = {10.1007/s00453-010-9401-5},
  Timestamp                = {Thu, 15 Jun 2017 21:22:27 +0200},
  Url                      = {https://doi.org/10.1007/s00453-010-9401-5}
}

@InProceedings{RS91,
  Title                    = {Approximating the $d$-dimensional complete {E}uclidean graph},
  Author                   = {J.~Ruppert and R.~Seidel},
  Booktitle                = {Proceedings of the 3rd Canadian Conference on Computational Geometry},
  Year                     = {1991},
  Pages                    = {207–210},
  Series                   = {CCCG `91},

  Owner                    = {hungle},
  Timestamp                = {2019.04.02}
}

@Article{Salavatipour06,
  Title                    = {Large Induced Forests in Triangle-Free Planar Graphs},
  Author                   = {M. R. Salavatipour},
  Journal                  = {Graphs and Combinatorics},
  Year                     = {2006},
  Pages                    = {113-126},
  Volume                   = {22},

  Issue                    = {1},
  Owner                    = {hungl},
  Timestamp                = {2017.04.10}
}

@Article{Salazar03,
  Title                    = {The Steiner cycle polytope},
  Author                   = {J.~Salazar-Gonz{\'a}lez},
  Journal                  = {European Journal of Operational Research},
  Year                     = {2003},
  Number                   = {3},
  Pages                    = {671--679},
  Volume                   = {147},

  Owner                    = {hungle},
  Timestamp                = {2019.06.05}
}

@Article{SCRS01,
  Title                    = {Approximating the Single-Sink Link-Installation Problem in Network
 Design},
  Author                   = {F. Sibel Salman and
 Joseph Cheriyan and
 R. Ravi and
 S. Subramanian},
  Journal                  = {{SIAM} Journal on Optimization},
  Year                     = {2001},
  Number                   = {3},
  Pages                    = {595--610},
  Volume                   = {11},

  Bibsource                = {dblp computer science bibliography, http://dblp.org},
  Biburl                   = {http://dblp.uni-trier.de/rec/bib/journals/siamjo/SalmanCRS01},
  Doi                      = {10.1137/S1052623497321432},
  Timestamp                = {Thu, 08 Jun 2017 08:59:42 +0200},
  Url                      = {https://doi.org/10.1137/S1052623497321432}
}

@InProceedings{Salowe92,
  Title                    = {On Euclidean Spanner Graphs with Small Degree},
  Author                   = {Jeffrey S. Salowe},
  Booktitle                = {Proceedings of the Eighth Annual Symposium on Computational Geometry,
 Berlin, Germany, June 10-12, 1992},
  Year                     = {1992},
  Pages                    = {186--191}
}

@Article{Shannon59,
  Title                    = {Probability of error for optimal codes in a {G}aussian channel},
  Author                   = {C.~E. Shannon},
  Journal                  = {The Bell System Technical Journal},
  Year                     = {1959},
  Number                   = {3},
  Pages                    = {611--656},
  Volume                   = {38},

  Doi                      = {10.1002/j.1538-7305.1959.tb03905.x},
  Owner                    = {hungle},
  Timestamp                = {2019.01.25}
}

@Article{SX16,
  Title                    = {Large Induced Forests in Graphs},
  Author                   = {Shi, L and Xu, H},
  Journal                  = {Journal of Graph Theory},
  Year                     = {2016},

  Owner                    = {hungl},
  Timestamp                = {2017.02.06}
}

@Article{SS10,
  Title                    = {Near-Optimal Multicriteria Spanner Constructions in Wireless Ad Hoc
 Networks},
  Author                   = {Hanan Shpungin and
 Michael Segal},
  Journal                  = {{IEEE/ACM} Trans. Netw.},
  Year                     = {2010},
  Number                   = {6},
  Pages                    = {1963--1976},
  Volume                   = {18},

  Bibsource                = {dblp computer science bibliography, http://dblp.org},
  Biburl                   = {http://dblp.org/rec/bib/journals/ton/ShpunginS10},
  Doi                      = {10.1109/TNET.2010.2053381},
  Timestamp                = {Mon, 26 Jun 2017 07:32:25 +0200},
  Url                      = {https://doi.org/10.1109/TNET.2010.2053381}
}

@Book{SGG08,
  Title                    = {Operating System Concepts},
  Author                   = {A.~Silberschatz and P.~B. Galvin and G.~Gagne},
  Publisher                = {Wiley Publishing},
  Year                     = {2008},

  Owner                    = {hungl},
  Timestamp                = {2017.03.29}
}

@InCollection{Smid09,
  Title                    = {The Weak Gap Property in Metric Spaces of Bounded Doubling Dimension},
  Author                   = {M.~Smid},
  Booktitle                = {Efficient Algorithms},
  Publisher                = {Springer-Verlag},
  Year                     = {2009},
  Editor                   = {Albers, Susanne and Alt, Helmut and N\"{a}her, Stefan},
  Pages                    = {275--289},

  Owner                    = {hungl},
  Timestamp                = {2017.10.12}
}

@Article{Solomon15,
  Title                    = {Euclidean {S}teiner shallow-light trees},
  Author                   = {S.~Solomon},
  Journal                  = {Journal of Computational Geometry},
  Year                     = {2015},
  Note                     = {preliminary version published in SoCG 2014},
  Number                   = {2},
  Volume                   = {6},

  Doi                      = {10.20382/JOCG.V6I2A7},
  Owner                    = {hungle},
  Timestamp                = {2020.04.22}
}

@InProceedings{Sol14,
  Title                    = {From hierarchical partitions to hierarchical covers: optimal fault-tolerant
 spanners for doubling metrics},
  Author                   = {Shay Solomon},
  Booktitle                = {Symposium on Theory of Computing, {STOC} 2014, New York, NY, USA,
 May 31 - June 03, 2014},
  Year                     = {2014},
  Pages                    = {363--372}
}

@InProceedings{Solomon14,
  Title                    = {Euclidean Steiner Shallow-Light Trees},
  Author                   = {S.~Solomon},
  Booktitle                = {Proceedings of the Thirtieth Annual Symposium on Computational Geometry},
  Year                     = {2014},
  Pages                    = {454:454--454:463},
  Series                   = {SoCG '14},

  Owner                    = {hungle},
  Timestamp                = {2019.04.03}
}

@InProceedings{ES10,
  Title                    = {Balancing Degree, Diameter and Weight in Euclidean Spanners},
  Author                   = {S. Solomon and M. Elkin},
  Booktitle                = {Proceedings of the 18th Annual European Symposium on Algorithms},
  Year                     = {2010},
  Pages                    = {48--59},
  Series                   = {ESA `10},

  Doi                      = {10.1007/978-3-642-15775-2_5},
  Owner                    = {hungle},
  Timestamp                = {2020.04.28}
}

@Article{Tarjan75,
  Title                    = {Efficiency of a Good But Not Linear Set Union Algorithm},
  Author                   = {Robert E.~Tarjan},
  Journal                  = {Journal of the {ACM}},
  Year                     = {1975},
  Number                   = {2},
  Pages                    = {215--225},
  Volume                   = {22},

  Doi                      = {10.1145/321879.321884},
  Owner                    = {hungle},
  Timestamp                = {2020.10.30}
}

@Article{TM11,
  Title                    = {Dealing with large hidden constants: Engineering a planar Steiner tree {PTAS}},
  Author                   = {Tazari, Siamak and M{\"u}ller-Hannemann, Matthias},
  Journal                  = {Journal of Experimental Algorithmics (JEA)},
  Year                     = {2011},
  Number                   = {3--6},
  Volume                   = {16},

  Date-added               = {2018-03-21 21:09:56 +0000},
  Date-modified            = {2018-04-17 02:43:39 +0000},
  Owner                    = {hungl},
  Timestamp                = {2018.04.23}
}

@Article{TM09,
  Title                    = {Shortest Paths in Linear Time on Minor-closed Graph Classes, with an Application to Steiner Tree Approximation},
  Author                   = {S.~Tazari and M.~M\"{u}ller-Hannemann},
  Journal                  = {Discrete Applied Mathematics},
  Year                     = {2009},
  Number                   = {4},
  Pages                    = {673--684},
  Volume                   = {157},

  Doi                      = {10.1016/j.dam.2008.08.002},
  Owner                    = {hungl},
  Timestamp                = {2018.04.02}
}

@Article{thomason01,
  Title                    = {The Extremal Function for Complete Minors},
  Author                   = {A.~Thomason},
  Journal                  = {Journal of Combinatorial Theory Series B},
  Year                     = {2001},
  Number                   = {2},
  Pages                    = {318--338},
  Volume                   = {82},

  Doi                      = {10.1006/jctb.2000.2013},
  Owner                    = {hungl},
  Timestamp                = {2017.06.15}
}

@Article{Thomason84,
  Title                    = {An extremal function for contractions of graphs},
  Author                   = {A.~Thomason},
  Journal                  = {Mathematical Proceedings of the Cambridge Philosophical Society},
  Year                     = {1984},
  Number                   = {2},
  Pages                    = {261--265},
  Volume                   = {95},

  Doi                      = {10.1017/s0305004100061521},
  Owner                    = {hungle},
  Timestamp                = {2020.10.31}
}

@InProceedings{BT21,
  author =	{S.~Bhore and C.~D.~T\'{o}th},
  title =	{{Light Euclidean Steiner Spanners in the Plane}},
  booktitle =	{37th International Symposium on Computational Geometry (SoCG 2021)},
  pages =	{15:1--15:17},
  series =	{Leibniz International Proceedings in Informatics (LIPIcs)},
  year =	{2021},
  doi =		{10.4230/LIPIcs.SoCG.2021.15},
}

@Article{Tho04,
  Title                    = {Compact Oracles for Reachability and Approximate Distances in Planar Digraphs},
  Author                   = {Thorup, Mikkel},
  Journal                  = {J. ACM},
  Year                     = {2004},

  Month                    = nov,
  Number                   = {6},
  Pages                    = {993--1024},
  Volume                   = {51},

  Acmid                    = {1039493},
  Address                  = {New York, NY, USA},
  Doi                      = {10.1145/1039488.1039493},
  ISSN                     = {0004-5411},
  Issue_date               = {November 2004},
  Keywords                 = {Planar graphs, reachability and shortest paths oracles},
  Numpages                 = {32},
  Publisher                = {ACM},
  Url                      = {http://doi.acm.org/10.1145/1039488.1039493}
}

@Article{Thorup04,
  Title                    = {Compact Oracles for Reachability and Approximate Distances in Planar Digraphs},
  Author                   = {M.~Thorup},
  Journal                  = {Journal of the ACM},
  Year                     = {2004},
  Number                   = {6},
  Pages                    = {993–1024},
  Volume                   = {51},

  Doi                      = {10.1145/1039488.1039493},
  Owner                    = {hungle},
  Timestamp                = {2020.04.10}
}

@InProceedings{TZ01,
  Title                    = {Compact routing schemes},
  Author                   = {Mikkel Thorup and
 Uri Zwick},
  Booktitle                = {Proc. of 13th SPAA},
  Year                     = {2001},
  Pages                    = {1-10}
}

@InProceedings{TZ01b,
  Title                    = {Approximate distance oracles},
  Author                   = {Mikkel Thorup and
 Uri Zwick},
  Booktitle                = {Proc. of 33rd STOC},
  Year                     = {2001},
  Pages                    = {183-192}
}

@Article{VV86,
  Title                    = {{NP} is as easy as detecting unique solutions},
  Author                   = {L.G. Valiant and V.V. Vazirani},
  Journal                  = {Theoretical Computer Science},
  Year                     = {1986},
  Number                   = {0},
  Pages                    = {85 - 93},
  Volume                   = {47},

  Doi                      = {10.1016/0304-3975(86)90135-0},
  Owner                    = {hunglv},
  Timestamp                = {2014.05.08}
}

@Article{WangL07,
  Title                    = {Efficient Delaunay-based localized routing for wireless sensor networks},
  Author                   = {Yu Wang and
 Xiang{-}Yang Li},
  Journal                  = {Int. J. Commun. Syst.},
  Year                     = {2007},
  Number                   = {7},
  Pages                    = {767--789},
  Volume                   = {20}
}

@Article{WXY16,
  Title                    = {Induced forests in bipartite planar graphs},
  Author                   = {Y.~Wang and Q.~Xie and X.~Yu},
  Journal                  = {arXiv:1605.00047},
  Year                     = {2016},

  Owner                    = {hungl},
  Timestamp                = {2016.09.28}
}

@Article{WCT02,
  Title                    = {Light graphs with small routing cost},
  Author                   = {Wu, Bang Ye and Chao, Kun-Mao and Tang, Chuan Yi},
  Journal                  = {Networks},
  Year                     = {2002},
  Number                   = {3},
  Pages                    = {130--138},
  Volume                   = {39},

  Doi                      = {10.1002/net.10019},
  ISSN                     = {1097-0037},
  Keywords                 = {approximation algorithms, network design, spanning trees},
  Publisher                = {Wiley Subscription Services, Inc., A Wiley Company},
  Url                      = {http://dx.doi.org/10.1002/net.10019}
}

@InProceedings{WL99,
  Title                    = {On calculating connected dominating set for efficient routing in ad hoc wireless networks},
  Author                   = {J.~Wu and H.~Li},
  Booktitle                = {Proceedings of the 3rd international workshop on Discrete algorithms and methods for mobile computing and communications},
  Year                     = {1999},
  Pages                    = {7--14},

  Owner                    = {hungl},
  Timestamp                = {2017.03.29}
}

@Article{Wyner65,
  Title                    = {Capabilities of bounded discrepancy decoding},
  Author                   = {A.~D. Wyner},
  Journal                  = {The Bell System Technical Journal},
  Year                     = {1965},
  Number                   = {6},
  Pages                    = {1061--1122},
  Volume                   = {44},

  Doi                      = {10.1002/j.1538-7305.1965.tb04170.x},
  Owner                    = {hungle},
  Timestamp                = {2019.01.25}
}

@InProceedings{Yannakakis78,
  Title                    = {Node-and edge-deletion {NP}-complete problems},
  Author                   = {M. Yannakakis},
  Booktitle                = {Proceedings of the tenth annual ACM symposium on Theory of computing},
  Year                     = {1978},
  Organization             = {ACM},
  Pages                    = {253--264},

  Date-added               = {2017-03-16 18:19:28 +0000},
  Date-modified            = {2017-03-16 18:19:28 +0000},
  Owner                    = {hungl},
  Timestamp                = {2018.04.23}
}

@Article{Yao82,
  Title                    = {On Constructing Minimum Spanning Trees in $k$-Dimensional Spaces and Related Problems},
  Author                   = {A.~C. Yao},
  Journal                  = {SIAM Journal on Computing},
  Year                     = {1982},
  Number                   = {4},
  Pages                    = {721-736},
  Volume                   = {11},

  Owner                    = {hungle},
  Timestamp                = {2019.04.02}
}

@Article{ZTXL16,
  Title                    = {The {S}teiner traveling salesman problem with online advanced edge blockages},
  Author                   = {H.~Zhang and W.~Tong and Y.~Xu and G.~Lin},
  Journal                  = {Computers and Operations Research},
  Year                     = {2016},
  Pages                    = {22-38},
  Volume                   = {70},

  Owner                    = {hungle},
  Timestamp                = {2019.06.05}
}

@Article{ZTXL15,
  Title                    = {The Steiner Traveling Salesman Problem with online edge blockages},
  Author                   = {H.~Zhang and W.~Tong and Y.~Xu and G.~Lin},
  Journal                  = {European Journal of Operational Research},
  Year                     = {2015},
  Number                   = {1},
  Pages                    = {30--40},
  Volume                   = {243},

  Owner                    = {hungle},
  Timestamp                = {2019.06.05}
}

@Article{ZYZS13,
  Title                    = {An Efficient Local Search for the Feedback Vertex Set Problem},
  Author                   = {Zhang, Zhiqiang and Ye, Ansheng and Zhou, Xiaoqing and Shao, Zehui},
  Journal                  = {Algorithms},
  Year                     = {2013},
  Number                   = {4},
  Pages                    = {726--746},
  Volume                   = {6},

  Date-added               = {2018-03-21 18:03:59 +0000},
  Date-modified            = {2018-03-21 18:05:49 +0000},
  Owner                    = {hungl},
  Timestamp                = {2018.04.23}
}

