@String(PAMI = {IEEE Trans. Pattern Anal. Mach. Intell.})
@String(IJCV = {Int. J. Comput. Vis.})
@String(CVPR= {IEEE Conf. Comput. Vis. Pattern Recog.})
@String(ICCV= {Int. Conf. Comput. Vis.})
@String(ECCV= {Eur. Conf. Comput. Vis.})
@String(NIPS= {Adv. Neural Inform. Process. Syst.})
@String(ICPR = {Int. Conf. Pattern Recog.})
@String(BMVC= {Brit. Mach. Vis. Conf.})
@String(TOG= {ACM Trans. Graph.})
@String(TIP  = {IEEE Trans. Image Process.})
@String(TVCG  = {IEEE Trans. Vis. Comput. Graph.})
@String(TMM  = {IEEE Trans. Multimedia})
@String(ACMMM= {ACM Int. Conf. Multimedia})
@String(ICME = {Int. Conf. Multimedia and Expo})
@String(ICASSP=	{ICASSP})
@String(ICIP = {IEEE Int. Conf. Image Process.})
@String(ACCV  = {ACCV})
@String(ICLR = {Int. Conf. Learn. Represent.})
@String(IJCAI = {IJCAI})
@String(PR   = {Pattern Recognition})
@String(AAAI = {AAAI})
@String(CVPRW= {IEEE Conf. Comput. Vis. Pattern Recog. Worksh.})
@String(CSVT = {IEEE Trans. Circuit Syst. Video Technol.})

@String(SPL	= {IEEE Sign. Process. Letters})
@String(VR   = {Vis. Res.})
@String(JOV	 = {J. Vis.})
@String(TVC  = {The Vis. Comput.})
@String(JCST  = {J. Comput. Sci. Tech.})
@String(CGF  = {Comput. Graph. Forum})
@String(CVM = {Computational Visual Media})


@String(PAMI  = {IEEE TPAMI})
@String(IJCV  = {IJCV})
@String(CVPR  = {CVPR})
@String(ICCV  = {ICCV})
@String(ECCV  = {ECCV})
@String(NIPS  = {NeurIPS})
@String(ICPR  = {ICPR})
@String(BMVC  =	{BMVC})
@String(TOG   = {ACM TOG})
@String(TIP   = {IEEE TIP})
@String(TVCG  = {IEEE TVCG})
@String(TCSVT = {IEEE TCSVT})
@String(TMM   =	{IEEE TMM})
@String(ACMMM = {ACM MM})
@String(ICME  =	{ICME})
@String(ICASSP=	{ICASSP})
@String(ICIP  = {ICIP})
@String(ACCV  = {ACCV})
@String(ICLR  = {ICLR})
@String(IJCAI = {IJCAI})
@String(PR = {PR})
@String(AAAI = {AAAI})
@String(CVPRW= {CVPRW})
@String(CSVT = {IEEE TCSVT})


@article{mildenhall2020nerf,
  author    = {Ben Mildenhall and
               Pratul P. Srinivasan and
               Matthew Tancik and
               Jonathan T. Barron and
               Ravi Ramamoorthi and
               Ren Ng},
  title     = {{NeRF}: Representing Scenes as Neural Radiance Fields for View Synthesis},
  journal   = {ECCV},
  year      = {2020},
}


@article{barron2021,
  author    = {Jonathan T. Barron and
               Ben Mildenhall and
               Matthew Tancik and
               Peter Hedman and
               Ricardo Martin-Brualla and
               Pratul P. Srinivasan},
  title     = {{Mip-NeRF}: A Multiscale Representation for Anti-Aliasing Neural Radiance Fields},
  journal   = {ICCV},
  year      = {2021},
}


@article{lehtinen2018,
  author    = {Jaakko Lehtinen and
               Jacob Munkberg and
               Jon Hasselgren and
               Samuli Laine and
               Tero Karras and
               Miika Aittala and
               Timo Aila},
  title     = {Noise2Noise: Learning Image Restoration without Clean Data},
  journal = {ICML},
  year      = {2018},
}

@article{plotz2017cvpr,
    author = {Pl\"otz, Tobias and Roth, Stefan},
    title = {Benchmarking Denoising Algorithms With Real Photographs},
    journal = {CVPR},
    year = {2017}
}


@article{brooks2019cvpr,
author = {Brooks, Tim and Mildenhall, Ben and Xue, Tianfan and Chen, Jiawen and Sharlet, Dillon and Barron, Jonathan T.},
title = {Unprocessing Images for Learned Raw Denoising},
journal = {CVPR},
year = {2019}
}

@article{chen2018cvpr,
author = {Chen, Chen and Chen, Qifeng and Xu, Jia and Koltun, Vladlen},
title = {Learning to See in the Dark},
journal = {CVPR},
year = {2018}
}

@article{chen2019iccv,
author = {Chen, Chen and Chen, Qifeng and Do, Minh and Koltun, Vladlen},
title = {Seeing Motion in the Dark
},
journal = {ICCV},
year = {2019}
}


@article{rvidenet,
  title={Supervised Raw Video Denoising with a Benchmark Dataset on Dynamic Scenes},
  author={Yue, Huanjing and Cao, Cong and Liao, Lei and Chu, Ronghe and Yang, Jingyu},
  journal={CVPR},
  year={2020}
}

@article{bm3d, 
author={Dabov, Kostadin and Foi, Alessandro and Katkovnik, Vladimir and Egiazarian, Karen}, 
journal={TIP}, 
title={Image Denoising by Sparse 3-D Transform-Domain Collaborative Filtering}, 
year={2007}, 
}

@article{udvd,
    author = {Sheth, Dev Yashpal and Mohan, Sreyas and Vincent, Joshua and Manzorro, Ramon and Crozier, Peter A. and Khapra, Mitesh M. and Simoncelli, Eero P. and Fernandez-Granda, Carlos},
    title = {Unsupervised Deep Video Denoising},
    journal = {ICCV},
    year = {2021}
}

@article{kpn,
  author = {Mildenhall, Ben and Barron, Jonathan T. and Chen, Jiawen and Sharlet, Dillon and Ng, Ren and Carroll, Robert},
  title = {Burst Denoising with Kernel Prediction Networks},
  journal = {CVPR},
  year = {2018}
}




@article{debevec1997,
author = {Debevec, Paul E. and Malik, Jitendra},
title = {Recovering High Dynamic Range Radiance Maps from Photographs},
year = {1997},
journal = {SIGGRAPH}
}

@article{debevec1998,
author = {Debevec, Paul},
title = {Rendering Synthetic Objects into Real Scenes: Bridging Traditional and Image-Based Graphics with Global Illumination and High Dynamic Range Photography},
year = {1998},
journal = {SIGGRAPH}
}

@article{debevec2005ibl,
author = {Debevec, Paul},
title = {Image-Based Lighting},
year = {2005},
journal = {ACM SIGGRAPH 2005 Courses},
}



@article{cbdnet,
  title={Toward convolutional blind denoising of real photographs},
  author={Guo, Shi and Yan, Zifei and Zhang, Kai and Zuo, Wangmeng and Zhang, Lei},
  journal={CVPR},
  year={2019}
}

@article{hdrplus, 
author = {Samuel W. Hasinoff and Dillon Sharlet and Ryan Geiss and Andrew Adams and Jonathan T.. Barron and Florian Kainz and Jiawen Chen and Marc Levoy}, 
title = {Burst photography for high dynamic range and low-light imaging on mobile cameras}, 
journal = {SIGGRAPH Asia},
year = {2016}, 
}


@misc{attal2021torf,
title={T\"oRF: Time-of-Flight Radiance Fields for Dynamic Scene View Synthesis},
author={Benjamin Attal and Eliot Laidlaw and Aaron Gokaslan and Changil Kim and Christian Richardt and James Tompkin and Matthew O'Toole},
year={2021},
eprint={2109.15271},
archivePrefix={arXiv},
primaryClass={cs.CV}}

@article{zhi2021semanticnerf,
                author = {Shuaifeng Zhi and Tristan Laidlow and Stefan Leutenegger and Andrew Davison},
                title = {In-Place Scene Labelling and Understanding with Implicit Scene Representation},
                journal = {ICCV},
                year={2021}
            }
            
@article{kangle2021dsnerf,
  title={Depth-supervised NeRF: Fewer Views and Faster Training for Free},
  author={Kangle Deng, Andrew Liu, Jun-Yan Zhu, and Deva Ramanan},
  journal={arXiv:2107.02791},
  year={2021}
}
        
        
@article{jeong2021scnerf,
    author = {Yoonwoo Jeong, Seokjun Ahn, Christopehr Choy, Animashree Anandkumar, 
    Minsu Cho, and Jaesik Park},
    title = {Self-Calibrating Neural Radiance Fields},
    journal = {ICCV},
    year = {2021},
}

@article{wei2021nerfingmvs,
  author    = {Wei, Yi and Liu, Shaohui and Rao, Yongming and Zhao, Wang and Lu, Jiwen and Zhou, Jie},
  title     = {NerfingMVS: Guided Optimization of Neural Radiance Fields for Indoor Multi-view Stereo},
  journal = {ICCV},
  year = {2021}
}


@software{jax2018github,
  author = {James Bradbury and Roy Frostig and Peter Hawkins and Matthew James Johnson and Chris Leary and Dougal Maclaurin and George Necula and Adam Paszke and Jake Vander{P}las and Skye Wanderman-{M}ilne and Qiao Zhang},
  title = {{JAX}: composable transformations of {P}ython+{N}um{P}y programs},
  url = {http://github.com/google/jax},
  version = {0.2.5},
  year = {2018},
}

@article{laine2019blindspot,
  title={High-Quality Self-Supervised Deep Image Denoising},
  author={Samuli Laine and Tero Karras and Jaakko Lehtinen and Timo Aila},
  journal={NeurIPS},
  year={2019}
}

@article{krull2019noise2void,
  title={Noise2void-learning denoising from single noisy images},
  author={Krull, Alexander and Buchholz, Tim-Oliver and Jug, Florian},
  journal={CVPR},
  year={2019}
}

@article{batson2019noise2self,
  title={Noise2self: Blind denoising by self-supervision},
  author={Batson, Joshua and Royer, Loic},
  journal={ICML},
  year={2019},
}

@article{ehret2019f2f,
author = {Ehret, Thibaud and Davy, Axel and Morel, Jean-Michel and Facciolo, Gabriele and Arias, Pablo},
title = {Model-Blind Video Denoising via Frame-To-Frame Training},
journal = {CVPR},
year = {2019}
}

@article{barron2015stereo,
author = {Jonathan T. Barron and Andrew Adams and YiChang Shih and Carlos Hern\'andez},
title = {Fast Bilateral-Space Stereo for Synthetic Defocus},
journal = {CVPR},
year = {2015},
}


@article{lenstracing,
author = {Kolb, Craig and Mitchell, Don and Hanrahan, Pat},
title = {A Realistic Camera Model for Computer Graphics},
year = {1995},
journal = {SIGGRAPH},
}


@article{zhang2019defocus,
author = {Zhang, Xuaner and Matzen, Kevin and Nguyen, Vivien and Yao, Dillon and Zhang, You and Ng, Ren},
title = {Synthetic Defocus and Look-Ahead Autofocus for Casual Videography},
year = {2019},
journal = {SIGGRAPH},
}


@article{nlm,
  author={Buades, A. and Coll, B. and Morel, J.-M.},
  journal={CVPR}, 
  title={A non-local algorithm for image denoising}, 
  year={2005},
}

@article{vbm4d,
  title={Video Denoising, Deblocking, and Enhancement Through Separable 4-D Nonlocal Spatiotemporal Transforms},
  author={Matteo Maggioni and Giacomo Boracchi and Alessandro Foi and Karen O. Egiazarian},
  journal={IEEE Transactions on Image Processing},
  year={2012},
}

@article{zhang2017beyond,
  title={Beyond a {Gaussian} denoiser: Residual learning of deep {CNN} for image denoising},
  author={Zhang, Kai and Zuo, Wangmeng and Chen, Yunjin and Meng, Deyu and Zhang, Lei},
  journal={IEEE Transactions on Image Processing},
  year={2017},
}

@article{cycleisp,
author = {Zamir, Syed Waqas and Arora, Aditya and Khan, Salman and Hayat, Munawar and Khan, Fahad Shahbaz and Yang, Ming-Hsuan and Shao, Ling},
title = {CycleISP: Real Image Restoration via Improved Data Synthesis},
journal = {CVPR},
year = {2020}
}

@article{xue2019toflow,
  title={Video Enhancement with Task-Oriented Flow},
  author={Xue, Tianfan and Chen, Baian and Wu, Jiajun and Wei, Donglai and Freeman, William T},
  journal={International Journal of Computer Vision (IJCV)},
  volume={127},
  number={8},
  pages={1106--1125},
  year={2019},
  publisher={Springer}
}


@article{srinivasan2018aperture,
author = {Srinivasan, Pratul P. and Garg, Rahul and Wadhwa, Neal and Ng, Ren and Barron, Jonathan T.},
title = {Aperture Supervision for Monocular Depth Estimation},
journal = {CVPR},
year = {2018}
}

@article{wadhwa2018defocus,
author = {Wadhwa, Neal and Garg, Rahul and Jacobs, David E. and Feldman, Bryan E. and Kanazawa, Nori and Carroll, Robert and Movshovitz-Attias, Yair and Barron, Jonathan T. and Pritch, Yael and Levoy, Marc},
title = {Synthetic Depth-of-Field with a Single-Camera Mobile Phone},
year = {2018},
journal = {ACM Trans. Graph.},
}


@article{cook1984distributed,
author = {Cook, Robert L. and Porter, Thomas and Carpenter, Loren},
title = {Distributed Ray Tracing},
year = {1984},
journal = {SIGGRAPH Comput. Graph.},
}

@article{kalantari2017hdr,
    author  = {Nima Khademi Kalantari and Ravi Ramamoorthi},
    title   = {Deep High Dynamic Range Imaging of Dynamic Scenes},
    journal = {ACM Transactions on Graphics (Proceedings of SIGGRAPH 2017)},
    volume  = {36},
    number  = {4},
    year    = {2017},
}

@article{foi2008noisemodel,
  title={Practical Poissonian-Gaussian Noise Modeling and Fitting for Single-Image Raw-Data},
  author={Alessandro Foi and Mejdi Trimeche and Vladimir Katkovnik and Karen O. Egiazarian},
  journal={IEEE Transactions on Image Processing},
  year={2008},
}
  

@article{hdrnet,
  title={Deep bilateral learning for real-time image enhancement},
  author={Gharbi, Micha{\"e}l and Chen, Jiawen and Barron, Jonathan T and Hasinoff, Samuel W and Durand, Fr{\'e}do},
  journal={ACM Transactions on Graphics (TOG)},
  year={2017},
}


@article{hu2018whitebox,
  title={Exposure: A white-box photo post-processing framework},
  author={Hu, Yuanming and He, Hao and Xu, Chenxi and Wang, Baoyuan and Lin, Stephen},
  journal={ACM Transactions on Graphics (TOG)},
  year={2018},
}

@article{mit5k,
	author = "Vladimir Bychkovsky and Sylvain Paris and Eric Chan and Fr{\'e}do Durand",
	title = "Learning Photographic Global Tonal Adjustment with a Database of Input / Output Image Pairs",
	journal = "CVPR",
	year = "2011",
}


@article{ldr2hdrcnn,
  author       = "Eilertsen, Gabriel and Kronander, Joel, and Denes, Gyorgy and Mantiuk, Rafał and Unger, Jonas",
  title        = "HDR image reconstruction from a single exposure using deep CNNs",
  journal      = "ACM Transactions on Graphics (TOG)",
  year         = "2017"
}

@article{song2019neuralillum,
author = {Song, Shuran and Funkhouser, Thomas},
title = {Neural Illumination: Lighting Prediction for Indoor Environments},
journal = {CVPR},
month = {June},
year = {2019}
}

@article{wang2021lighting,
    title = {Learning Indoor Inverse Rendering with 3D Spatially-Varying Lighting}, 
    author = {Zian Wang and Jonah Philion and Sanja Fidler and Jan Kautz},
              journal = {ICCV},
              year = {2021}
}

@article{gardner2019parametriclighting,
author = {Gardner, Marc-Andre and Hold-Geoffroy, Yannick and Sunkavalli, Kalyan and Gagne, Christian and Lalonde, Jean-Francois},
title = {Deep Parametric Indoor Lighting Estimation},
journal = {ICCV},
month = {October},
year = {2019}
}



@article{levoy96lightfields,
  title={Light Field Rendering},
  author={Marc Levoy and Pat Hanrahan},
  journal={SIGGRAPH},
  year={1996}
}

@article{cohen96lumigraph,
  title={The lumigraph},
  author={Gortler, Steven J and Grzeszczuk, Radek and Szeliski, Richard and Cohen, Michael F},
  journal={SIGGRAPH},
  pages={43--54},
  year={1996}
}


@article{buehler01unstructlumigraph,
author = {Chris Buehler and Michael Bosse and Leonard McMillan and Steven Gortler and Michael Cohen},
title = {Unstructured Lumigraph Rendering},
journal = {SIGGRAPH},
year = {2001}
}

@article{hedman2018deepblending,
  author = {Hedman, Peter and Philip, Julien and Price, True and Frahm, Jan-Michael and Drettakis, George and Brostow, Gabriel},
  title = {Deep Blending for Free-viewpoint Image-based Rendering},
  journal = {SIGGRAPH Asia},
  year      = {2018}
}

@article{riegler2020fvs,
  title={Free View Synthesis},
  author={Riegler, Gernot and Koltun, Vladlen},
  journal={ECCV},
  year={2020}
}

@article{riegler2021svs,
  title={Stable View Synthesis},
  author={Riegler, Gernot and Koltun, Vladlen},
  journal={CVPR},
  year={2021}
}

@article{flynn2016deepstereo,
author = {Flynn, John and Neulander, Ivan and Philbin, James and Snavely, Noah},
title = {DeepStereo: Learning to Predict New Views From the World's Imagery},
journal = {CVPR},
year = {2016}
}

@article{zhou18stereomag,
  author    = {Tinghui Zhou and Richard Tucker and John Flynn and Graham Fyffe and Noah Snavely},
  title     = {Stereo Magnification: Learning View Synthesis using Multiplane Images},
  journal = {SIGGRAPH},
  year      = {2018}
}

@article{li2008demosaic,
  title={Image demosaicing: A systematic survey},
  author={Li, Xin and Gunturk, Bahadir and Zhang, Lei},
  journal={Visual Communications and Image Processing 2008},
  year={2008},
}



@article{colmap,
    author={Sch\"{o}nberger, Johannes Lutz and Frahm, Jan-Michael},
    title={Structure-from-Motion Revisited},
    journal={CVPR},
    year={2016},
}

@article{lin2021barf,
  title={{BARF}: Bundle-Adjusting Neural Radiance Fields},
  author={Lin, Chen-Hsuan and Ma, Wei-Chiu and Torralba, Antonio and Lucey, Simon},
  journal={ICCV},
  year={2021}
}

@article{wang2021nerfmm,
  title={Ne{RF}$--$: Neural Radiance Fields Without Known Camera Parameters},
  author={Zirui Wang and Shangzhe Wu and Weidi Xie and Min Chen and Victor Adrian Prisacariu},
  journal={arXiv:2102.07064},
  year={2021}
}


@article{lombardi2019neuralvolumes,
  title={Neural volumes: Learning dynamic renderable volumes from images},
  author={Lombardi, Stephen and Simon, Tomas and Saragih, Jason and Schwartz, Gabriel and Lehrmann, Andreas and Sheikh, Yaser},
  journal={SIGGRAPH},
  year={2019},
}


@article{martinbrualla2020nerfw,
                          author = {Martin-Brualla, Ricardo
                                    and Radwan, Noha
                                    and Sajjadi, Mehdi S. M.
                                    and Barron, Jonathan T.
                                    and Dosovitskiy, Alexey
                                    and Duckworth, Daniel},
                          title = {{NeRF in the Wild: Neural Radiance Fields for
                                   Unconstrained Photo Collections}},
                          journal = {CVPR},
                          year={2021}
                      }
                      
                      
        
        
@misc{ruckert2021adop,
      title={ADOP: Approximate Differentiable One-Pixel Point Rendering}, 
      author={Darius Rückert and Linus Franke and Marc Stamminger},
      year={2021},
      eprint={2110.06635},
      archivePrefix={arXiv},
      primaryClass={cs.CV}
}

@Article{kopanas2021pbr,
  author       = "Kopanas, Georgios and Philip, Julien and Leimk{\"u}hler, Thomas and Drettakis, George",
  title        = "Point-Based Neural Rendering with Per-View Optimization",
  journal      = "Eurographics",
  year         = "2021",
}


@article{godard2018burst,
author = {Godard, Clement and Matzen, Kevin and Uyttendaele, Matt},
title = {Deep Burst Denoising},
journal = {ECCV},
year = {2018}
}



@article{adam,
  author = {Kingma, Diederik P. and Ba, Jimmy},
  journal = {ICLR},
  title = {Adam: A Method for Stochastic Optimization},
  year = {2015},
}


