@article{samvelyan2019starcraft,
  title={The starcraft multi-agent challenge},
  author={Samvelyan, Mikayel and Rashid, Tabish and De Witt, Christian Schroeder and Farquhar, Gregory and Nardelli, Nantas and Rudner, Tim GJ and Hung, Chia-Man and Torr, Philip HS and Foerster, Jakob and Whiteson, Shimon},
  journal={arXiv preprint arXiv:1902.04043},
  year={2019}
}
@article{papoudakis2020comparative,
  title={Comparative Evaluation of Multi-Agent Deep Reinforcement Learning Algorithms},
  author={Papoudakis, Georgios and Christianos, Filippos and Sch{\"a}fer, Lukas and Albrecht, Stefano V},
  journal={arXiv preprint arXiv:2006.07869},
  year={2020}
}
@article{zhou2020learning,
  title={Learning implicit credit assignment for multi-agent actor-critic},
  author={Zhou, Meng and Liu, Ziyu and Sui, Pengwei and Li, Yixuan and Chung, Yuk Ying},
  journal={arXiv e-prints},
  pages={arXiv--2007},
  year={2020}
}
@article{wang2020towards,
  title={Towards understanding linear value decomposition in cooperative multi-agent Q-learning},
  author={Wang, Jianhao and Ren, Zhizhou and Han, Beining and Ye, Jianing and Zhang, Chongjie},
  journal={arXiv preprint arXiv:2006.00587},
  year={2020}
}
@inproceedings{tijsma2016comparing,
  title={Comparing exploration strategies for q-learning in random stochastic mazes},
  author={Tijsma, Arryon D and Drugan, Madalina M and Wiering, Marco A},
  booktitle={2016 IEEE Symposium Series on Computational Intelligence (SSCI)},
  pages={1--8},
  year={2016},
  organization={IEEE}
}
@article{matignon2012independent,
  title={Independent reinforcement learners in cooperative markov games: a survey regarding coordination problems},
  author={Matignon, Laetitia and Laurent, Guillaume J and Le Fort-Piat, Nadine},
  journal={The Knowledge Engineering Review},
  volume={27},
  number={1},
  pages={1--31},
  year={2012},
  publisher={Cambridge University Press}
}
@article{huttenrauch2017guided,
  title={Guided deep reinforcement learning for swarm systems},
  author={H{\"u}ttenrauch, Maximilian and {\v{S}}o{\v{s}}i{\'c}, Adrian and Neumann, Gerhard},
  journal={arXiv preprint arXiv:1709.06011},
  year={2017}
}
@article{yu2021surprising,
  title={The surprising effectiveness of mappo in cooperative, multi-agent games},
  author={Yu, Chao and Velu, Akash and Vinitsky, Eugene and Wang, Yu and Bayen, Alexandre and Wu, Yi},
  journal={arXiv preprint arXiv:2103.01955},
  year={2021}
}
@article{kulkarni2016hierarchical,
  title={Hierarchical deep reinforcement learning: Integrating temporal abstraction and intrinsic motivation},
  author={Kulkarni, Tejas D and Narasimhan, Karthik and Saeedi, Ardavan and Tenenbaum, Josh},
  journal={Advances in neural information processing systems},
  volume={29},
  pages={3675--3683},
  year={2016}
}
@article{dilokthanakul2019feature,
  title={Feature control as intrinsic motivation for hierarchical reinforcement learning},
  author={Dilokthanakul, Nat and Kaplanis, Christos and Pawlowski, Nick and Shanahan, Murray},
  journal={IEEE transactions on neural networks and learning systems},
  volume={30},
  number={11},
  pages={3409--3418},
  year={2019},
  publisher={IEEE}
}
@inproceedings{sadeghlou2014dynamic,
  title={Dynamic agent-based reward shaping for multi-agent systems},
  author={Sadeghlou, Maryam and Akbarzadeh-T, Mohammad Reza and Naghibi-S, Mohammad Bagher},
  booktitle={2014 Iranian Conference on Intelligent Systems (ICIS)},
  pages={1--6},
  year={2014},
  organization={IEEE}
}
@article{devlin2016plan,
  title={Plan-based reward shaping for multi-agent reinforcement learning},
  author={Devlin, Sam and Kudenko, Daniel},
  journal={The Knowledge Engineering Review},
  volume={31},
  number={1},
  pages={44--58},
  year={2016},
  publisher={Cambridge University Press}
}
@article{pesce2020improving,
  title={Improving coordination in small-scale multi-agent deep reinforcement learning through memory-driven communication},
  author={Pesce, Emanuele and Montana, Giovanni},
  journal={Machine Learning},
  pages={1--21},
  year={2020},
  publisher={Springer}
}
@inproceedings{viseras2016decentralized,
  title={Decentralized multi-agent exploration with online-learning of gaussian processes},
  author={Viseras, Alberto and Wiedemann, Thomas and Manss, Christoph and Magel, Lukas and Mueller, Joachim and Shutin, Dmitriy and Merino, Luis},
  booktitle={2016 IEEE International Conference on Robotics and Automation (ICRA)},
  pages={4222--4229},
  year={2016},
  organization={IEEE}
}
@article{wang2020qplex,
  title={Qplex: Duplex dueling multi-agent q-learning},
  author={Wang, Jianhao and Ren, Zhizhou and Liu, Terry and Yu, Yang and Zhang, Chongjie},
  journal={arXiv preprint arXiv:2008.01062},
  year={2020}
}
@article{sunehag2017value,
  title={Value-decomposition networks for cooperative multi-agent learning},
  author={Sunehag, Peter and Lever, Guy and Gruslys, Audrunas and Czarnecki, Wojciech Marian and Zambaldi, Vinicius and Jaderberg, Max and Lanctot, Marc and Sonnerat, Nicolas and Leibo, Joel Z and Tuyls, Karl and others},
  journal={arXiv preprint arXiv:1706.05296},
  year={2017}
}
@article{zhou2020smarts,
  title={Smarts: Scalable multi-agent reinforcement learning training school for autonomous driving},
  author={Zhou, Ming and Luo, Jun and Villella, Julian and Yang, Yaodong and Rusu, David and Miao, Jiayu and Zhang, Weinan and Alban, Montgomery and Fadakar, Iman and Chen, Zheng and others},
  journal={arXiv preprint arXiv:2010.09776},
  year={2020}
}

@article{bernstein2002complexity,
  title={The complexity of decentralized control of Markov decision processes},
  author={Bernstein, Daniel S and Givan, Robert and Immerman, Neil and Zilberstein, Shlomo},
  journal={Mathematics of operations research},
  volume={27},
  number={4},
  pages={819--840},
  year={2002},
  publisher={INFORMS}
}
@inproceedings{amato2013decentralized,
  title={Decentralized control of partially observable Markov decision processes},
  author={Amato, Christopher and Chowdhary, Girish and Geramifard, Alborz and {\"U}re, N Kemal and Kochenderfer, Mykel J},
  booktitle={52nd IEEE Conference on Decision and Control},
  pages={2398--2405},
  year={2013},
  organization={IEEE}
}
@inproceedings{son2019qtran,
  title={Qtran: Learning to factorize with transformation for cooperative multi-agent reinforcement learning},
  author={Son, Kyunghwan and Kim, Daewoo and Kang, Wan Ju and Hostallero, David Earl and Yi, Yung},
  booktitle={International Conference on Machine Learning},
  pages={5887--5896},
  year={2019},
  organization={PMLR}
}
@inproceedings{rashid2018qmix,
  title={Qmix: Monotonic value function factorisation for deep multi-agent reinforcement learning},
  author={Rashid, Tabish and Samvelyan, Mikayel and Schroeder, Christian and Farquhar, Gregory and Foerster, Jakob and Whiteson, Shimon},
  booktitle={International Conference on Machine Learning},
  pages={4295--4304},
  year={2018},
  organization={PMLR}
}
@article{mahajan2019maven,
  title={Maven: Multi-agent variational exploration},
  author={Mahajan, Anuj and Rashid, Tabish and Samvelyan, Mikayel and Whiteson, Shimon},
  journal={arXiv preprint arXiv:1910.07483},
  year={2019}
}
@article{du2019liir,
 author = {Du, Yali and Han, Lei and Fang, Meng and Liu, Ji and Dai, Tianhong and Tao, Dacheng},
 booktitle = {Advances in Neural Information Processing Systems},
 editor = {H. Wallach and H. Larochelle and A. Beygelzimer and F. d\textquotesingle Alch\'{e}-Buc and E. Fox and R. Garnett},
 pages = {},
 publisher = {Curran Associates, Inc.},
 title = {LIIR: Learning Individual Intrinsic Reward in Multi-Agent Reinforcement Learning},
 volume = {32},
 year = {2019}
}
@article{du2019liir,
 author = {Du, Yali and Han, Lei and Fang, Meng and Liu, Ji and Dai, Tianhong and Tao, Dacheng},
 booktitle = {Advances in Neural Information Processing Systems},
 editor = {H. Wallach and H. Larochelle and A. Beygelzimer and F. d\textquotesingle Alch\'{e}-Buc and E. Fox and R. Garnett},
 pages = {},
 publisher = {Curran Associates, Inc.},
 title = {LIIR: Learning Individual Intrinsic Reward in Multi-Agent Reinforcement Learning},
 volume = {32},
 year = {2019}
}
@article{mannion2018reward,
  title={Reward shaping for knowledge-based multi-objective multi-agent reinforcement learning},
  author={Mannion, Patrick and Devlin, Sam and Duggan, Jim and Howley, Enda},
  journal={The Knowledge Engineering Review},
  volume={33},
  year={2018},
  publisher={Cambridge University Press}
}
@article{devlin2011empirical,
  title={An empirical study of potential-based reward shaping and advice in complex, multi-agent systems},
  author={Devlin, Sam and Kudenko, Daniel and Grze{\'s}, Marek},
  journal={Advances in Complex Systems},
  volume={14},
  number={02},
  pages={251--278},
  year={2011},
  publisher={World Scientific}
}
@inproceedings{devlin2011theoretical,
  title={Theoretical considerations of potential-based reward shaping for multi-agent systems},
  author={Devlin, Sam and Kudenko, Daniel},
  booktitle={The 10th International Conference on Autonomous Agents and Multiagent Systems},
  pages={225--232},
  year={2011},
  organization={ACM}
}
@article{shao2019survey,
  title={A survey of deep reinforcement learning in video games},
  author={Shao, Kun and Tang, Zhentao and Zhu, Yuanheng and Li, Nannan and Zhao, Dongbin},
  journal={arXiv preprint arXiv:1912.10944},
  year={2019}
}
@article{zinkevich2006cyclic,
  title={Cyclic equilibria in Markov games},
  author={Zinkevich, Martin and Greenwald, Amy and Littman, Michael},
  journal={Advances in Neural Information Processing Systems},
  volume={18},
  pages={1641},
  year={2006},
  publisher={MIT; 1998}
}
@article{munos2007finite,
  title={Finite time bounds for sampling-based fitted value iteration},
  author={Munos, R{\'e}mi and Szepesvari, Csaba},
  year={2007}
}
@article{antos2007fitted,
  title={Fitted Q-iteration in continuous action-space MDPs},
  author={Antos, Andr{\'a}s and Munos, R{\'e}mi and Szepesv{\'a}ri, Csaba},
  year={2007}
}
@inproceedings{yang2021diverse,
  title={Diverse Auto-Curriculum is Critical for Successful Real-World Multiagent Learning Systems},
  author={Yang, Yaodong and Luo, Jun and Wen, Ying and Slumbers, Oliver and Graves, Daniel and Bou Ammar, Haitham and Wang, Jun and Taylor, Matthew E},
  booktitle={Proceedings of the 20th International Conference on Autonomous Agents and MultiAgent Systems},
  pages={51--56},
  year={2021}
}

@misc{rl4life,
  title = {Reinforcement Learning for Real Life, ICML 2021 Workshop},
  howpublished = {\url{https://sites.google.com/view/RL4RealLife}},
  author={ICML Workshop}
}


@article{munos2008finite,
  title={Finite-Time Bounds for Fitted Value Iteration.},
  author={Munos, R{\'e}mi and Szepesv{\'a}ri, Csaba},
  journal={Journal of Machine Learning Research},
  volume={9},
  number={5},
  year={2008}
}
@article{mguni2019cutting,
  title={Cutting Your Losses: Learning Fault-Tolerant Control and Optimal Stopping under Adverse Risk},
  author={Mguni, David},
  journal={arXiv preprint arXiv:1902.05045},
  year={2019}
}@article{tsitsiklis1999optimal,
  title={Optimal stopping of Markov processes: Hilbert space theory, approximation algorithms, and an application to pricing high-dimensional financial derivatives},
  author={Tsitsiklis, John N and Van Roy, Benjamin},
  journal={IEEE Transactions on Automatic Control},
  volume={44},
  number={10},
  pages={1840--1851},
  year={1999},
  publisher={IEEE}
}
@inproceedings{noelle2019unsupervised,
  title={Unsupervised methods for subgoal discovery during intrinsic motivation in model-free hierarchical reinforcement learning},
  author={Noelle, David C},
  booktitle={KEG@ AAAI},
  year={2019}
}
@article{mcgovern2001automatic,
  title={Automatic discovery of subgoals in reinforcement learning using diverse density},
  author={McGovern, Amy and Barto, Andrew G},
  year={2001}
}
@article{houthooft2016vime,
  title={Vime: Variational information maximizing exploration},
  author={Houthooft, Rein and Chen, Xi and Duan, Yan and Schulman, John and De Turck, Filip and Abbeel, Pieter},
  journal={arXiv preprint arXiv:1605.09674},
  year={2016}
}
@article{park2001modular,
  title={Modular Q-learning based multi-agent cooperation for robot soccer},
  author={Park, Kui-Hong and Kim, Yong-Jae and Kim, Jong-Hwan},
  journal={Robotics and Autonomous Systems},
  volume={35},
  number={2},
  pages={109--122},
  year={2001},
  publisher={Elsevier}
}
@inproceedings{perez2018photorealistic,
  title={Photorealistic video super resolution},
  author={P{\'e}rez-Pellitero, Eduardo and Sajjadi, Mehdi SM and Hirsch, Michael and Sch{\"o}lkopf, Bernhard},
  booktitle={Workshop and Challenge on Perceptual Image Restoration and Manipulation (PIRM) at the 15th European Conference on Computer Vision (ECCV)},
  year={2018}
}
@article{abdullah2019wasserstein,
  title={Wasserstein robust reinforcement learning},
  author={Abdullah, Mohammed Amin and Ren, Hang and Bou-Ammar, Haitham Bou and Milenkovic, Vladimir and Luo, Rui and Zhang, Mingtian and Wang, Jun},
  journal={arXiv preprint arXiv:1907.13196},
  year={2019}
}

@inproceedings{trott2019keeping,
  title={Keeping your distance: Solving sparse reward tasks using self-balancing shaped rewards},
  author={Trott, Alexander and Zheng, Stephan and Xiong, Caiming and Socher, Richard},
  booktitle={Advances in Neural Information Processing Systems},
  pages={10376--10386},
  year={2019}
}
@article{bougie2020skill,
  title={Skill-based curiosity for intrinsically motivated reinforcement learning},
  author={Bougie, Nicolas and Ichise, Ryutaro},
  journal={Machine Learning},
  volume={109},
  number={3},
  pages={493--512},
  year={2020},
  publisher={Springer}
}
@book{bertsekas2012approximate,
  title={Approximate dynamic programming},
  author={Bertsekas, Dimitri P},
  year={2012},
  publisher={Athena scientific Belmont}
}
@inproceedings{harutyunyan2015expressing,
  title={Expressing arbitrary reward functions as potential-based advice},
  author={Harutyunyan, Anna and Devlin, Sam and Vrancx, Peter and Now{\'e}, Ann},
  booktitle={Proceedings of the AAAI Conference on Artificial Intelligence},
  volume={29},
  year={2015}
}
@article{botvinick2019reinforcement,
  title={Reinforcement learning, fast and slow},
  author={Botvinick, Matthew and Ritter, Sam and Wang, Jane X and Kurth-Nelson, Zeb and Blundell, Charles and Hassabis, Demis},
  journal={Trends in cognitive sciences},
  volume={23},
  number={5},
  pages={408--422},
  year={2019},
  publisher={Elsevier}
}
@article{harutyunyan2015off,
  title={Off-policy reward shaping with ensembles},
  author={Harutyunyan, Anna and Brys, Tim and Vrancx, Peter and Now{\'e}, Ann},
  journal={arXiv preprint arXiv:1502.03248},
  year={2015}
}
@inproceedings{devlin2012dynamic,
  title={Dynamic potential-based reward shaping},
  author={Devlin, Sam Michael and Kudenko, Daniel},
  booktitle={Proceedings of the 11th International Conference on Autonomous Agents and Multiagent Systems},
  pages={433--440},
  year={2012},
  organization={IFAAMAS}
}
@inproceedings{zheng2020can,
  title={What Can Learned Intrinsic Rewards Capture?},
  author={Zheng, Zeyu and Oh, Junhyuk and Hessel, Matteo and Xu, Zhongwen and Kroiss, Manuel and Van Hasselt, Hado and Silver, David and Singh, Satinder},
  booktitle={International Conference on Machine Learning},
  pages={11436--11446},
  year={2020},
  organization={PMLR}
}
@article{guo2016deep,
  title={Deep learning for reward design to improve monte carlo tree search in atari games},
  author={Guo, Xiaoxiao and Singh, Satinder and Lewis, Richard and Lee, Honglak},
  journal={arXiv preprint arXiv:1604.07095},
  year={2016}
}
@inproceedings{singh2009rewards,
  title={Where do rewards come from},
  author={Singh, Satinder and Lewis, Richard L and Barto, Andrew G},
  booktitle={Proceedings of the annual conference of the cognitive science society},
  pages={2601--2606},
  year={2009},
  organization={Cognitive Science Society}
}
@article{ostrovski2017count,
  title={Count-based exploration with neural density models},
  author={Ostrovski, Georg and Bellemare, Marc G and Oord, Aaron van den and Munos, R{\'e}mi},
  journal={arXiv preprint arXiv:1703.01310},
  year={2017}
}
@inproceedings{bellemare2016unifying,
  title={Unifying count-based exploration and intrinsic motivation},
  author={Bellemare, Marc and Srinivasan, Sriram and Ostrovski, Georg and Schaul, Tom and Saxton, David and Munos, Remi},
  booktitle={Advances in neural information processing systems},
  pages={1471--1479},
  year={2016}
}
@article{manrique2020parametric,
  title={A Parametric Study of a Deep Reinforcement Learning Control System Applied to the Swing-Up Problem of the Cart-Pole},
  author={Manrique Escobar, Camilo Andr{\'e}s and Pappalardo, Carmine Maria and Guida, Domenico},
  journal={Applied Sciences},
  volume={10},
  number={24},
  pages={9013},
  year={2020},
  publisher={Multidisciplinary Digital Publishing Institute}
}

@inproceedings{kurach2020google,
  title={Google research football: A novel reinforcement learning environment},
  author={Kurach, Karol and Raichuk, Anton and Sta{\'n}czyk, Piotr and Zaj{\k{a}}c, Micha{\l} and Bachem, Olivier and Espeholt, Lasse and Riquelme, Carlos and Vincent, Damien and Michalski, Marcin and Bousquet, Olivier and others},
  booktitle={Proceedings of the AAAI Conference on Artificial Intelligence},
  volume={34},
  number={04},
  pages={4501--4510},
  year={2020}
}

@book{sutton2018reinforcement,
  title={Reinforcement learning: An introduction},
  author={Sutton, Richard S and Barto, Andrew G},
  year={2018},
  publisher={MIT press}
}
@article{zou2019reward,
  title={Reward shaping via meta-learning},
  author={Zou, Haosheng and Ren, Tongzheng and Yan, Dong and Su, Hang and Zhu, Jun},
  journal={arXiv preprint arXiv:1901.09330},
  year={2019}
}
@inproceedings{stadie2020learning,
  title={Learning Intrinsic Rewards as a Bi-Level Optimization Problem},
  author={Stadie, Bradly and Zhang, Lunjun and Ba, Jimmy},
  booktitle={Conference on Uncertainty in Artificial Intelligence},
  pages={111--120},
  year={2020},
  organization={PMLR}
}
@article{hu2020learning,
  title={Learning to Utilize Shaping Rewards: A New Approach of Reward Shaping},
  author={Hu, Yujing and Wang, Weixun and Jia, Hangtian and Wang, Yixiang and Chen, Yingfeng and Hao, Jianye and Wu, Feng and Fan, Changjie},
  journal={Advances in Neural Information Processing Systems},
  volume={33},
  year={2020}
}
@inproceedings{marthi2007automatic,
  title={Automatic shaping and decomposition of reward functions},
  author={Marthi, Bhaskara},
  booktitle={Proceedings of the 24th International Conference on Machine learning},
  pages={601--608},
  year={2007}
}
@inproceedings{grzes2008learning,
  title={Learning potential for reward shaping in reinforcement learning with tile coding},
  author={Grzes, Marek and Kudenko, Daniel},
  booktitle={Proceedings AAMAS 2008 Workshop on Adaptive and Learning Agents and Multi-Agent Systems (ALAMAS-ALAg 2008)},
  pages={17--23},
  year={2008}
}
@article{roughgarden2007introduction,
  title={Introduction to the inefficiency of equilibria},
  author={Roughgarden, Tim and Tardos, Eva},
  journal={Algorithmic Game Theory},
  volume={17},
  pages={443--459},
  year={2007},
  publisher={Cambridge University Press Cambridge, MA}
}
@article{mguni2018viscosity,
  title={A Viscosity Approach to Stochastic Differential Games of Control and Stopping Involving Impulsive Control},
  author={Mguni, David},
  journal={arXiv preprint arXiv:1803.11432},
  year={2018}
}
@article{chen2009settling,
  title={Settling the complexity of computing two-player Nash equilibria},
  author={Chen, Xi and Deng, Xiaotie and Teng, Shang-Hua},
  journal={Journal of the ACM (JACM)},
  volume={56},
  number={3},
  pages={1--57},
  year={2009},
  publisher={ACM New York, NY, USA}
}
@inproceedings{jaakkola1994convergence,
  title={Convergence of stochastic iterative dynamic programming algorithms},
  author={Jaakkola, Tommi and Jordan, Michael I and Singh, Satinder P},
  booktitle={Advances in neural information processing systems},
  pages={703--710},
  year={1994}
}
@article{deisenroth2011learning,
  title={Learning to control a low-cost manipulator using data-efficient reinforcement learning},
  author={Deisenroth, Marc Peter and Rasmussen, Carl Edward and Fox, Dieter},
  journal={Robotics: Science and Systems VII},
  pages={57--64},
  year={2011}
}
@inproceedings{yang2020multi,
  title={Multi-agent determinantal q-learning},
  author={Yang, Yaodong and Wen, Ying and Wang, Jun and Chen, Liheng and Shao, Kun and Mguni, David and Zhang, Weinan},
  booktitle={International Conference on Machine Learning},
  pages={10757--10766},
  year={2020},
  organization={PMLR}
}

@article{nieves2021modelling,
  title={Modelling Behavioural Diversity for Learning in Open-Ended Games},
  author={Nieves, Nicolas Perez and Yang, Yaodong and Slumbers, Oliver and Mguni, David Henry and Wang, Jun},
  journal={arXiv preprint arXiv:2103.07927},
  year={2021}
}

@article{zhang2019multi,
  title={Multi-agent reinforcement learning: A selective overview of theories and algorithms},
  author={Zhang, Kaiqing and Yang, Zhuoran and Ba{\c{s}}ar, Tamer},
  journal={arXiv preprint arXiv:1911.10635},
  year={2019}
}
@inproceedings{tokic2012teaching,
  title={Teaching reinforcement learning using a physical robot},
  author={Tokic, Michel and Bou-Ammar, Haitham},
  booktitle={Proceedings of the ICML Workshop on Teaching Machine Learning},
  year={2012}
}
@article{andersen2018learning,
  title={Learning high-level representations from demonstrations},
  author={Andersen, Garrett and Vrancx, Peter and Bou-Ammar, Haitham},
  journal={arXiv preprint arXiv:1802.06604},
  year={2018}
}
@article{jaskiewicz2016non,
  title={Non-zero-sum stochastic games},
  author={Ja{\'s}kiewicz, Anna and Nowak, Andrzej S},
  journal={Handbook of dynamic game theory},
  pages={1--64},
  year={2016},
  publisher={Springer Cham}
}
@inproceedings{precup1998theoretical,
  title={Theoretical results on reinforcement learning with temporally abstract options},
  author={Precup, Doina and Sutton, Richard S and Singh, Satinder},
  booktitle={European conference on machine learning},
  pages={382--393},
  year={1998},
  organization={Springer}
}
@article{ecoffet2019go,
  title={Go-explore: a new approach for hard-exploration problems},
  author={Ecoffet, Adrien and Huizinga, Joost and Lehman, Joel and Stanley, Kenneth O and Clune, Jeff},
  journal={arXiv preprint arXiv:1901.10995},
  year={2019}
}
@article{hosu2016playing,
  title={Playing atari games with deep reinforcement learning and human checkpoint replay},
  author={Hosu, Ionel-Alexandru and Rebedea, Traian},
  journal={arXiv preprint arXiv:1607.05077},
  year={2016}
}
@book{benveniste2012adaptive,
  title={Adaptive algorithms and stochastic approximations},
  author={Benveniste, Albert and M{\'e}tivier, Michel and Priouret, Pierre},
  volume={22},
  year={2012},
  publisher={Springer Science \& Business Media}
}
@article{raghavan1985stochastic,
  title={On stochastic games with additive reward and transition structure},
  author={Raghavan, Tirukkannamangai ES and Tijs, SH and Vrieze, OJ},
  journal={Journal of Optimization Theory and Applications},
  volume={47},
  number={4},
  pages={451--464},
  year={1985},
  publisher={Springer}
}
@book{shoham2008multiagent,
  title={Multiagent systems: Algorithmic, game-theoretic, and logical foundations},
  author={Shoham, Yoav and Leyton-Brown, Kevin},
  year={2008},
  publisher={Cambridge University Press}
}
@article{mguni2019coordinating,
  title={Coordinating the crowd: Inducing desirable equilibria in non-cooperative systems},
  author={Mguni, David and Jennings, Joel and Macua, Sergio Valcarcel and Sison, Emilio and Ceppi, Sofia and de Cote, Enrique Munoz},
  journal={arXiv preprint arXiv:1901.10923},
  year={2019}
}
@article{strehl2008analysis,
  title={An analysis of model-based interval estimation for Markov decision processes},
  author={Strehl, Alexander L and Littman, Michael L},
  journal={Journal of Computer and System Sciences},
  volume={74},
  number={8},
  pages={1309--1331},
  year={2008},
  publisher={Academic Press}
}
@article{stadie2015incentivizing,
  title={Incentivizing exploration in reinforcement learning with deep predictive models},
  author={Stadie, Bradly C and Levine, Sergey and Abbeel, Pieter},
  journal={arXiv preprint arXiv:1507.00814},
  year={2015}
}
@article{igl2020impact,
  title={The Impact of Non-stationarity on Generalisation in Deep Reinforcement Learning},
  author={Igl, Maximilian and Farquhar, Gregory and Luketina, Jelena and Boehmer, Wendelin and Whiteson, Shimon},
  journal={arXiv preprint arXiv:2006.05826},
  year={2020}
}
@article{silver2018general,
  title={A general reinforcement learning algorithm that masters chess, shogi, and Go through self-play},
  author={Silver, David and Hubert, Thomas and Schrittwieser, Julian and Antonoglou, Ioannis and Lai, Matthew and Guez, Arthur and Lanctot, Marc and Sifre, Laurent and Kumaran, Dharshan and Graepel, Thore and others},
  journal={Science},
  volume={362},
  number={6419},
  pages={1140--1144},
  year={2018},
  publisher={American Association for the Advancement of Science}
}
@article{peng2017multiagent,
  title={Multiagent bidirectionally-coordinated nets: Emergence of human-level coordination in learning to play starcraft combat games},
  author={Peng, Peng and Wen, Ying and Yang, Yaodong and Yuan, Quan and Tang, Zhenkun and Long, Haitao and Wang, Jun},
  journal={arXiv preprint arXiv:1703.10069},
  year={2017}
}
@article{polydoros2017survey,
  title={Survey of model-based reinforcement learning: Applications on robotics},
  author={Polydoros, Athanasios S and Nalpantidis, Lazaros},
  journal={Journal of Intelligent \& Robotic Systems},
  volume={86},
  number={2},
  pages={153--173},
  year={2017},
  publisher={Springer}
}@article{conitzer2002complexity,
  title={Complexity results about Nash equilibria},
  author={Conitzer, Vincent and Sandholm, Tuomas},
  journal={arXiv preprint cs/0205074},
  year={2002}
}
@article{charlesworth2020plangan,
  title={PlanGAN: Model-based Planning With Sparse Rewards and Multiple Goals},
  author={Charlesworth, Henry and Montana, Giovanni},
  journal={arXiv preprint arXiv:2006.00900},
  year={2020}
}
@article{mnih2013playing,
  title={Playing atari with deep reinforcement learning},
  author={Mnih, Volodymyr and Kavukcuoglu, Koray and Silver, David and Graves, Alex and Antonoglou, Ioannis and Wierstra, Daan and Riedmiller, Martin},
  journal={arXiv preprint arXiv:1312.5602},
  year={2013}
}
@article{mannion2017policy,
  title={Policy invariance under reward transformations for multi-objective reinforcement learning},
  author={Mannion, Patrick and Devlin, Sam and Mason, Karl and Duggan, Jim and Howley, Enda},
  journal={Neurocomputing},
  volume={263},
  pages={60--73},
  year={2017},
  publisher={Elsevier}
}
@inproceedings{brys2015reinforcement,
  title={Reinforcement learning from demonstration through shaping},
  author={Brys, Tim and Harutyunyan, Anna and Suay, Halit Bener and Chernova, Sonia and Taylor, Matthew E and Now{\'e}, Ann},
  booktitle={Twenty-fourth international joint conference on artificial intelligence},
  year={2015}
}
@article{blackwell1968big,
  title={The big match},
  author={Blackwell, David and Ferguson, Tom S},
  journal={The Annals of Mathematical Statistics},
  volume={39},
  number={1},
  pages={159--163},
  year={1968},
  publisher={JSTOR}
}
@inproceedings{ng1999policy,
  title={Policy invariance under reward transformations: Theory and application to reward shaping},
  author={Ng, Andrew Y and Harada, Daishi and Russell, Stuart},
  booktitle={ICML},
  volume={99},
  pages={278--287},
  year={1999}
}
@inproceedings{ng1999policy,
  title={Policy invariance under reward transformations: Theory and application to reward shaping},
  author={Ng, Andrew Y and Harada, Daishi and Russell, Stuart},
  booktitle={ICML},
  volume={99},
  pages={278--287},
  year={1999}
}
@incollection{oksendal2003stochastic,
  title={Stochastic differential equations},
  author={{\O}ksendal, Bernt},
  booktitle={Stochastic differential equations},
  pages={65--84},
  year={2003},
  publisher={Springer}
}
@article{kingma2014adam,
  title={Adam: A method for stochastic optimization},
  author={Kingma, Diederik P and Ba, Jimmy},
  journal={arXiv preprint arXiv:1412.6980},
  year={2014}
}

@inproceedings{auer2009near,
  title={Near-optimal regret bounds for reinforcement learning},
  author={Auer, Peter and Jaksch, Thomas and Ortner, Ronald},
  booktitle={Advances in neural information processing systems},
  pages={89--96},
  year={2009}
}

@article{even2009online,
  title={Online Markov decision processes},
  author={Even-Dar, Eyal and Kakade, Sham M and Mansour, Yishay},
  journal={Mathematics of Operations Research},
  volume={34},
  number={3},
  pages={726--736},
  year={2009},
  publisher={INFORMS}
}


@article{yu2009markov,
  title={Markov decision processes with arbitrary reward processes},
  author={Yu, Jia Yuan and Mannor, Shie and Shimkin, Nahum},
  journal={Mathematics of Operations Research},
  volume={34},
  number={3},
  pages={737--757},
  year={2009},
  publisher={INFORMS}
}


@article{brekke1994optimal,
  title={Optimal switching in an economic activity under uncertainty},
  author={Brekke, Kjell Arne and {\O}ksendal, Bernt},
  journal={SIAM Journal on Control and Optimization},
  volume={32},
  number={4},
  pages={1021--1036},
  year={1994},
  publisher={SIAM}
}
@article{bayraktar2010one,
  title={On the one-dimensional optimal switching problem},
  author={Bayraktar, Erhan and Egami, Masahiko},
  journal={Mathematics of Operations Research},
  volume={35},
  number={1},
  pages={140--159},
  year={2010},
  publisher={INFORMS}
}
@article{choi2018contingency,
  title={Contingency-aware exploration in reinforcement learning},
  author={Choi, Jongwook and Guo, Yijie and Moczulski, Marcin and Oh, Junhyuk and Wu, Neal and Norouzi, Mohammad and Lee, Honglak},
  journal={arXiv preprint arXiv:1811.01483},
  year={2018}
}
@article{burda2018exploration,
  title={Exploration by random network distillation},
  author={Burda, Yuri and Edwards, Harrison and Storkey, Amos and Klimov, Oleg},
  journal={arXiv preprint arXiv:1810.12894},
  year={2018}
}
@InProceedings{sorg2010reward,
  author    = {Sorg, Jonathan and Lewis, Richard L and Singh, Satinder P},
  title     = {Reward design via online gradient ascent},
  booktitle = {Advances in Neural Information Processing Systems (NeurIPS)},
  year      = {2010},
  pages     = {2190--2198},
}
@Article{singh2010intrinsically,
  author    = {Singh, Satinder and Lewis, Richard L and Barto, Andrew G and Sorg, Jonathan},
  title     = {Intrinsically motivated reinforcement learning: An evolutionary perspective},
  journal   = {IEEE Transactions on Autonomous Mental Development},
  year      = {2010},
  volume    = {2},
  number    = {2},
  pages     = {70--82},
  publisher = {IEEE},
}

@article{yang2019never,
  title={Never forget: Balancing exploration and exploitation via learning optical flow},
  author={Yang, Hsuan-Kung and Chiang, Po-Han and Ho, Kuan-Wei and Hong, Min-Fong and Lee, Chun-Yi},
  journal={arXiv preprint arXiv:1901.08486},
  year={2019}
}

@inproceedings{burda2018largescale,
title={Large-Scale Study of Curiosity-Driven Learning},
author={Yuri Burda and Harri Edwards and Deepak Pathak and Amos Storkey and Trevor Darrell and Alexei A. Efros},
booktitle={International Conference on Learning Representations (ICLR)},
year={2019},
}
@article{goodfellow2014generative,
  title={Generative adversarial networks},
  author={Goodfellow, Ian J and Pouget-Abadie, Jean and Mirza, Mehdi and Xu, Bing and Warde-Farley, David and Ozair, Sherjil and Courville, Aaron and Bengio, Yoshua},
  journal={arXiv preprint arXiv:1406.2661},
  year={2014}
}
@article{iqbal2019coordinated,
archivePrefix = {arXiv},
arxivId = {1905.12127},
author = {Iqbal, Shariq and Sha, Fei},
eprint = {1905.12127},
title = {{Coordinated Exploration via Intrinsic Rewards for Multi-Agent Reinforcement Learning}},
url = {http://arxiv.org/abs/1905.12127},
year = {2019}
}

@inproceedings{oudeyer2008can,
  title={How can we define intrinsic motivation},
  author={Oudeyer, Pierre-Yves and Kaplan, Frederic and others},
  booktitle={Proc. of the 8th Conf. on Epigenetic Robotics},
  volume={5},
  pages={29--31},
  year={2008}
}
@article{franceschi2019learning,
  title={Learning discrete structures for graph neural networks},
  author={Franceschi, Luca and Niepert, Mathias and Pontil, Massimiliano and He, Xiao},
  journal={arXiv preprint arXiv:1903.11960},
  year={2019}
}
@inproceedings{arjona2019rudder,
  title={Rudder: Return decomposition for delayed rewards},
  author={Arjona-Medina, Jose A and Gillhofer, Michael and Widrich, Michael and Unterthiner, Thomas and Brandstetter, Johannes and Hochreiter, Sepp},
  booktitle={Advances in {N}eural {I}nformation {P}rocessing {S}ystems},
  year={2019}
}
@article{liu2019sequence,
  title={Sequence Modeling of Temporal Credit Assignment for Episodic Reinforcement Learning},
  author={Liu, Yang and Luo, Yunan and Zhong, Yuanyi and Chen, Xi and Liu, Qiang and Peng, Jian},
  journal={arXiv preprint arXiv:1905.13420},
  year={2019}
}
@article{schulman2017Proximal,
  author    = {John Schulman and
               Filip Wolski and
               Prafulla Dhariwal and
               Alec Radford and
               Oleg Klimov},
  title     = {Proximal Policy Optimization Algorithms},
  journal   = {CoRR},
  volume    = {abs/1707.06347},
  year      = {2017},
 
}

@inproceedings{LargescaleCuriosity,
title={Large-Scale Study of Curiosity-Driven Learning},
author={Yuri Burda and Harri Edwards and Deepak Pathak and Amos Storkey and Trevor Darrell and Alexei A. Efros},
booktitle={International Conference on Learning Representations},
year={2019},
}

@inproceedings{pathak2017curiosity,
  title={Curiosity-driven Exploration by Self-supervised Prediction},
  author={Pathak, Deepak and Agrawal, Pulkit and Efros, Alexei A and Darrell, Trevor},
  booktitle={International Conference on Machine Learning (ICML)},
  pages={2778--2787},
  year={2017}
}

@inproceedings{zheng2018learning,
  author={Zheng, Zeyu and Oh, Junhyuk and Singh, Satinder},
  title={On Learning Intrinsic Rewards for Policy Gradient Methods},
  booktitle = {Advances in Neural Information Processing Systems (NeurIPS)},
  year={2018},
}

@misc{example2020citation,
  title={Example citation},
  author={FirstName LastName},
  year={2020},
}

@article{stone2014fall,
  title={\href{https://ieeexplore.ieee.org/abstract/document/6774430}{Fall detection in homes of older adults using the Microsoft Kinect}},
  author={Stone, Erik E and Skubic, Marjorie},
  journal={IEEE journal of biomedical and health informatics},
  volume={19},
  number={1},
  pages={290--301},
  year={2014},
  publisher={IEEE},
  doi = {10.1109/JBHI.2014.2312180},
  URL = {https://ieeexplore.ieee.org/abstract/document/6774430},
}

@inproceedings{staranowicz2015easy,
  title={\href{https://ieeexplore.ieee.org/abstract/document/7319513/}{Easy-to-use, general, and accurate multi-Kinect calibration and its application to gait monitoring for fall prediction}},
  author={Staranowicz, Aaron N and Ray, Christopher and Mariottini, Gian-Luca},
  booktitle={2015 37th Annual International Conference of the IEEE Engineering in Medicine and Biology Society (EMBC)},
  pages={4994--4998},
  year={2015},
  organization={IEEE},
  doi = {10.1109/EMBC.2015.7319513},
  URL = {https://ieeexplore.ieee.org/abstract/document/7319513/},
}


@InProceedings{Zheng2018,
  author    = {Zheng, Zeyu and Oh, Junhyuk and Singh, Satinder},
  title     = {On learning intrinsic rewards for policy gradient methods},
  booktitle = {Advances in Neural Information Processing Systems (NeurIPS)},
  year      = {2018},
  pages     = {4644--4654},
}


@article{perkins2014game,
  title={Game-theoretical control with continuous action sets},
  author={Perkins, Steven and Mertikopoulos, Panayotis and Leslie, David S},
  journal={arXiv preprint arXiv:1412.0543},
  year={2014}
}
@article{raghavan1991algorithms,
  title={Algorithms for stochastic games—a survey},
  author={Raghavan, TES and Filar, Jerzy A},
  journal={Zeitschrift f{\"u}r Operations Research},
  volume={35},
  number={6},
  pages={437--472},
  year={1991},
  publisher={Springer}
}
@article{fudenberg1991tirole,
  title={Tirole: Game Theory},
  author={Fudenberg, Drew and Tirole, Jean},
  journal={MIT Press},
  volume={726},
  pages={764},
  year={1991}
}
@article{monderer1996fictitious,
  title={Fictitious play property for games with identical interests},
  author={Monderer, Dov and Shapley, Lloyd S},
  journal={Journal of economic theory},
  volume={68},
  number={1},
  pages={258--265},
  year={1996},
  publisher={Elsevier}
}
@article{goldberg2013complexity,
  title={The complexity of the homotopy method, equilibrium selection, and Lemke-Howson solutions},
  author={Goldberg, Paul W and Papadimitriou, Christos H and Savani, Rahul},
  journal={ACM Transactions on Economics and Computation (TEAC)},
  volume={1},
  number={2},
  pages={1--25},
  year={2013},
  publisher={ACM New York, NY, USA}
}
@inproceedings{cai2018reinforcement,
  title={Reinforcement Mechanism Design for e-commerce},
  author={Cai, Qingpeng and Filos-Ratsikas, Aris and Tang, Pingzhong and Zhang, Yiwei},
  booktitle={Proceedings of the 2018 World Wide Web Conference},
  pages={1339--1348},
  year={2018}
}@article{tiratanapakhom2016braess,
  title={Braess’ paradox in the uncertain demand and congestion assumed stochastic transportation network design problem},
  author={Tiratanapakhom, Tawin and Kim, Hyunmyung and Nam, Daisik and Lim, Yongtaek},
  journal={KSCE Journal of Civil Engineering},
  volume={20},
  number={7},
  pages={2928--2937},
  year={2016},
  publisher={Springer}
}
@inproceedings{nguyen2009stochastic,
  title={Stochastic games for security in networks with interdependent nodes},
  author={Nguyen, Kien C and Alpcan, Tansu and Basar, Tamer},
  booktitle={2009 International Conference on Game Theory for Networks},
  pages={697--703},
  year={2009},
  organization={IEEE}
}
@inproceedings{murray2007multi,
  title={Multi-robot negotiation: approximating the set of subgame perfect equilibria in general-sum stochastic games},
  author={Murray, Chris and Gordon, Geoffrey J},
  booktitle={Advances in neural information processing systems},
  pages={1001--1008},
  year={2007}
}
@article{mckelvey1996computation,
  title={Computation of equilibria in finite games},
  author={McKelvey, Richard D and McLennan, Andrew and others},
  journal={Handbook of computational economics},
  volume={1},
  pages={87--142},
  year={1996}
}
@article{von2002computing,
  title={Computing equilibria for two-person games},
  author={Von Stengel, Bernhard},
  journal={Handbook of game theory with economic applications},
  volume={3},
  pages={1723--1759},
  year={2002},
  publisher={Elsevier}
}
@book{gonzalez2013discrete,
  title={Discrete--time stochastic control and dynamic potential games: the Euler--Equation approach},
  author={Gonz{\'a}lez-S{\'a}nchez, David and Hern{\'a}ndez-Lerma, On{\'e}simo},
  year={2013},
  publisher={Springer Science \& Business Media}
}
@inproceedings{papadimitriou2005computing,
  title={Computing equilibria in multi-player games},
  author={Papadimitriou, Christos H and Roughgarden, Tim},
  booktitle={Proceedings of the sixteenth annual ACM-SIAM symposium on Discrete algorithms},
  pages={82--91},
  year={2005},
  organization={Society for Industrial and Applied Mathematics}
}
@article{saad2012game,
  title={Game-theoretic methods for the smart grid: An overview of microgrid systems, demand-side management, and smart grid communications},
  author={Saad, Walid and Han, Zhu and Poor, H Vincent and Basar, Tamer},
  journal={IEEE Signal Processing Magazine},
  volume={29},
  number={5},
  pages={86--105},
  year={2012},
  publisher={IEEE}
}
@article{buzzi2011potential,
  title={Potential games for energy-efficient power control and subcarrier allocation in uplink multicell OFDMA systems},
  author={Buzzi, Stefano and Colavolpe, Giulio and Saturnino, Daniela and Zappone, Alessio},
  journal={IEEE Journal of Selected Topics in Signal Processing},
  volume={6},
  number={2},
  pages={89--103},
  year={2011},
  publisher={IEEE}
}
@article{sandholm2001potential,
  title={Potential games with continuous player sets},
  author={Sandholm, William H},
  journal={Journal of Economic theory},
  volume={97},
  number={1},
  pages={81--108},
  year={2001},
  publisher={Elsevier}
}
@inproceedings{mguni2018decentralised,
  title={Decentralised learning in systems with many, many strategic agents},
  author={Mguni, David and Jennings, Joel and de Cote, Enrique Munoz},
  booktitle={Thirty-Second AAAI Conference on Artificial Intelligence},
  year={2018}
}
@article{cardaliaguet2017learning,
  title={Learning in mean field games: the fictitious play},
  author={Cardaliaguet, Pierre and Hadikhanloo, Saeed},
  journal={ESAIM: Control, Optimisation and Calculus of Variations},
  volume={23},
  number={2},
  pages={569--591},
  year={2017},
  publisher={EDP Sciences}
}
@inproceedings{leslie2011equilibrium,
  title={Equilibrium selection in potential games with noisy rewards},
  author={Leslie, David S and Marden, Jason R},
  booktitle={International Conference on NETwork Games, Control and Optimization (NetGCooP 2011)},
  pages={1--4},
  year={2011},
  organization={IEEE}
}
@article{traulsen2009stochastic,
  title={Stochastic evolutionary game dynamics},
  author={Traulsen, Arne and Hauert, Christoph},
  journal={Reviews of nonlinear dynamics and complexity},
  volume={2},
  pages={25--61},
  year={2009},
  publisher={Wiley Online Library}
}
@book{bauso2016game,
  title={Game theory with engineering applications},
  author={Bauso, Dario},
  year={2016},
  publisher={SIAM}
}
@article{mguni2018duopoly,
  title={Duopoly Investment Problems with Minimally Bounded Adjustment Costs},
  author={Mguni, David},
  journal={arXiv preprint arXiv:1805.11974},
  year={2018}
}@inproceedings{wang2003reinforcement,
  title={Reinforcement learning to play an optimal Nash equilibrium in team Markov games},
  author={Wang, Xiaofeng and Sandholm, Tuomas},
  booktitle={Advances in neural information processing systems},
  pages={1603--1610},
  year={2003}
}
@inproceedings{ganzfried2009computing,
  title={Computing equilibria in multiplayer stochastic games of imperfect information},
  author={Ganzfried, Sam and Sandholm, Tuomas},
  booktitle={Twenty-First International Joint Conference on Artificial Intelligence},
  year={2009}
}
@book{breton2010advances,
  title={Advances in dynamic games: theory, applications, and numerical methods for differential and stochastic games},
  author={Breton, Mich{\`e}le and Szajowski, Krzysztof},
  volume={11},
  year={2010},
  publisher={Springer Science \& Business Media}
}
@article{papadimitriou1987complexity,
  title={The complexity of Markov decision processes},
  author={Papadimitriou, Christos H and Tsitsiklis, John N},
  journal={Mathematics of operations research},
  volume={12},
  number={3},
  pages={441--450},
  year={1987},
  publisher={INFORMS}
}
@article{conitzer2008new,
  title={New complexity results about Nash equilibria},
  author={Conitzer, Vincent and Sandholm, Tuomas},
  journal={Games and Economic Behavior},
  volume={63},
  number={2},
  pages={621--641},
  year={2008},
  publisher={Elsevier}
}
@book{young2004strategic,
  title={Strategic learning and its limits},
  author={Young, H Peyton},
  year={2004},
  publisher={OUP Oxford}}
@inproceedings{heliou2017learning,
  title={Learning with bandit feedback in potential games},
  author={Heliou, Am{\'e}lie and Cohen, Johanne and Mertikopoulos, Panayotis},
  booktitle={Advances in Neural Information Processing Systems},
  pages={6369--6378},
  year={2017}
}
@article{ritzberger2002foundations,
  title={Foundations of non-cooperative game theory},
  author={Ritzberger, Klaus and others},
  journal={OUP Catalogue},
  year={2002},
  publisher={Oxford University Press}
}
@article{fabiani2018distributed,
  title={A distributed passivity approach to AUV teams control in cooperating potential games},
  author={Fabiani, Filippo and Fenucci, Davide and Caiti, Andrea},
  journal={Ocean Engineering},
  volume={157},
  pages={152--163},
  year={2018},
  publisher={Elsevier}
}
@article{marden2009cooperative,
  title={Cooperative control and potential games},
  author={Marden, Jason R and Arslan, G{\"u}rdal and Shamma, Jeff S},
  journal={IEEE Transactions on Systems, Man, and Cybernetics, Part B (Cybernetics)},
  volume={39},
  number={6},
  pages={1393--1407},
  year={2009},
  publisher={IEEE}
}@inproceedings{scutari2006potential,
  title={Potential games: A framework for vector power control problems with coupled constraints},
  author={Scutari, Gesualdo and Barbarossa, Sergio and Palomar, Daniel P},
  booktitle={2006 IEEE International Conference on Acoustics Speech and Signal Processing Proceedings},
  volume={4},
  pages={IV--IV},
  year={2006},
  organization={IEEE}
}
@article{marden2012state,
  title={State based potential games},
  author={Marden, Jason R},
  journal={Automatica},
  volume={48},
  number={12},
  pages={3075--3088},
  year={2012},
  publisher={Elsevier}
}
@article{macua2018learning,
  title={Learning Parametric Closed-Loop Policies for Markov Potential Games},
  author={Macua, Sergio Valcarcel and Zazo, Javier and Zazo, Santiago},
  journal={arXiv preprint arXiv:1802.00899},
  year={2018}
}
@article{YU199532,
title = "A Game Strategy Approach for Image Labeling",
journal = "Computer Vision and Image Understanding",
volume = "61",
number = "1",
pages = "32 - 37",
year = "1995",
issn = "1077-3142",
doi = "https://doi.org/10.1006/cviu.1995.1003",
url = "http://www.sciencedirect.com/science/article/pii/S107731428571003X",
author = "S. Yu and M. Berthod"}
@article{zazo2015dynamic,
  title={Dynamic potential games in communications: Fundamentals and applications},
  author={Zazo, Santiago and Macua, Sergio Valcarcel and S{\'a}nchez-Fern{\'a}ndez, Matilde and Zazo, Javier},
  journal={arXiv preprint arXiv:1509.01313},
  year={2015}
}
@article{monderer1996potential,
  title={Potential games},
  author={Monderer, Dov and Shapley, Lloyd S},
  journal={Games and economic behavior},
  volume={14},
  number={1},
  pages={124--143},
  year={1996},
  publisher={Elsevier}
}
@article{leslie2006generalised,
  title={Generalised weakened fictitious play},
  author={Leslie, David S and Collins, Edmund J},
  journal={Games and Economic Behavior},
  volume={56},
  number={2},
  pages={285--298},
  year={2006},
  publisher={Elsevier}
}
@inproceedings{heinrich2015fictitious,
  title={Fictitious self-play in extensive-form games},
  author={Heinrich, Johannes and Lanctot, Marc and Silver, David},
  booktitle={International Conference on Machine Learning},
  pages={805--813},
  year={2015}
}
@article{bloembergen2015evolutionary,
  title={Evolutionary dynamics of multi-agent learning: A survey},
  author={Bloembergen, Daan and Tuyls, Karl and Hennes, Daniel and Kaisers, Michael},
  journal={Journal of Artificial Intelligence Research},
  volume={53},
  pages={659--697},
  year={2015}
}
@article{steinberg1983prevalence,
  title={The prevalence of Braess' paradox},
  author={Steinberg, Richard and Zangwill, Willard I},
  journal={Transportation Science},
  volume={17},
  number={3},
  pages={301--318},
  year={1983},
  publisher={INFORMS}
}
@article{ye2015multi,
  title={A multi-agent framework for packet routing in wireless sensor networks},
  author={Ye, Dayong and Zhang, Minjie and Yang, Yun},
  journal={sensors},
  volume={15},
  number={5},
  pages={10026--10047},
  year={2015},
  publisher={Multidisciplinary Digital Publishing Institute}
}
@article{cao2012overview,
  title={An overview of recent progress in the study of distributed multi-agent coordination},
  author={Cao, Yongcan and Yu, Wenwu and Ren, Wei and Chen, Guanrong},
  journal={IEEE Transactions on Industrial informatics},
  volume={9},
  number={1},
  pages={427--438},
  year={2012},
  publisher={IEEE}
}
@article{youn2008price,
  title={Price of anarchy in transportation networks: efficiency and optimality control},
  author={Youn, Hyejin and Gastner, Michael T and Jeong, Hawoong},
  journal={Physical review letters},
  volume={101},
  number={12},
  pages={128701},
  year={2008},
  publisher={APS}
}
@incollection{RoutingGames,
  author = "T. Roughgarden",
  title = "Routing Games",
  editor = "Noam Nisan and Tim Roughgarden and \'Eva Tardos and Vijay V. Vazirani",
  booktitle                    = "Algorithmic Game Theory",
  Publisher                = "Cambridge University Press",
  year                     = 2007,
  Address                  = "New York, NY, USA",
  pages = "461-486",
  chapter = "18"
}
@book{roughgarden2016twenty,
  title={Twenty lectures on algorithmic game theory},
  author={Roughgarden, Tim},
  year={2016},
  publisher={Cambridge University Press}
}
@article{roughgarden2007routing,
  title={Routing games},
  author={Roughgarden, Tim},
  journal={Algorithmic game theory},
  volume={18},
  pages={459--484},
  year={2007},
  publisher={Cambridge University Press Cambridge, MA}
}@book{la2016potential,
  title={Potential Game Theory},
  author={L{\~a}, Quang Duy and Chew, Yong Huat and Soong, Boon-Hee},
  year={2016},
  publisher={Springer}
}
@article{mguni2018optimal,
  title={Optimal Selection of Transaction Costs in a Dynamic Principal-Agent Problem},
  author={Mguni, David},
  journal={arXiv preprint arXiv:1805.01062},
  year={2018}
}
@article{shapley1953stochastic,
  title={Stochastic games},
  author={Shapley, Lloyd S},
  journal={Proceedings of the national academy of sciences},
  volume={39},
  number={10},
  pages={1095--1100},
  year={1953},
  publisher={National Acad Sciences}
}

@article{asadi2018lipschitz,
  title={Lipschitz continuity in model-based reinforcement learning},
  author={Asadi, Kavosh and Misra, Dipendra and Littman, Michael L},
  journal={arXiv preprint arXiv:1804.07193},
  year={2018}
}

@inproceedings{zhang2020bilevel,
  title={Bi-level Actor-Critic for Multi-agent Coordination},
  author={Zhang, Haifeng and Chen, Weizhe and Huang, Zeren and Li, Minne and Yang, Yaodong and Zhang, Weinan and Wang, Jun},
  booktitle={Proceedings of the AAAI Conference on Artificial Intelligence},
  volume={34},
  pages={7325--7332},
  year={2020}
}

@inproceedings{jain2011double,
  title={A double oracle algorithm for zero-sum security games on graphs},
  author={Jain, Manish and Korzhyk, Dmytro and Van{\v{e}}k, Ond{\v{r}}ej and Conitzer, Vincent and P{\v{e}}chou{\v{c}}ek, Michal and Tambe, Milind},
  booktitle={The 10th International Conference on Autonomous Agents and Multiagent Systems-Volume 1},
  pages={327--334},
  year={2011},
  organization={International Foundation for Autonomous Agents and Multiagent Systems}
}
@article{colson2007overview,
  title={An overview of bilevel optimization},
  author={Colson, Beno{\^\i}t and Marcotte, Patrice and Savard, Gilles},
  journal={Annals of operations research},
  volume={153},
  number={1},
  pages={235--256},
  year={2007},
  publisher={Springer}
}
@book{osborne1994course,
  title={A course in game theory},
  author={Osborne, Martin J and Rubinstein, Ariel},
  year={1994},
  publisher={MIT press}
}
@inproceedings{ceppi2011mechanism,
  title={Mechanism design for federated sponsored search auctions},
  author={Ceppi, Sofia and Gatti, Nicola and Gerding, Enrico Harm},
  booktitle={Twenty-Fifth AAAI Conference on Artificial Intelligence},
  year={2011}
}
@book{mas1995microeconomic,
  title={Microeconomic theory},
  author={Mas-Colell, Andreu and Whinston, Michael Dennis and Green, Jerry R and others},
  volume={1},
  year={1995},
  publisher={Oxford university press New York}
}
@inproceedings{yu2020expensive,
  title={Learning Expensive Coordination: An Event-Based Deep RL Approach},
  author={Yu, Runsheng and Wang, Xinrun  and Zhang, Youzhi and  Wang, Rundong and  An, Bo},
  booktitle={Proceedings of the 18th International Conference on Learning Representations},
  year={2020}
  }
@article{hill1979existence,
  title={On the existence of good Markov strategies},
  author={Hill, Theodore Preston},
  journal={Transactions of the American Mathematical Society},
  volume={247},
  pages={157--176},
  year={1979}
}
@inproceedings{dayan1993feudal,
  title={Feudal reinforcement learning},
  author={Dayan, Peter and Hinton, Geoffrey E},
  booktitle={Advances in neural information processing systems},
  pages={271--278},
  year={1993}
}
@inproceedings{makar2001hierarchical,
  title={Hierarchical multi-agent reinforcement learning},
  author={Makar, Rajbala and Mahadevan, Sridhar and Ghavamzadeh, Mohammad},
  booktitle={Proceedings of the fifth international conference on Autonomous agents},
  pages={246--253},
  year={2001},
  organization={ACM}
}
@article{barto2003recent,
  title={Recent advances in hierarchical reinforcement learning},
  author={Barto, Andrew G and Mahadevan, Sridhar},
  journal={Discrete event dynamic systems},
  volume={13},
  number={1-2},
  pages={41--77},
  year={2003},
  publisher={Springer}
}
@article{ghavamzadeh2006hierarchical,
  title={Hierarchical multi-agent reinforcement learning},
  author={Ghavamzadeh, Mohammad and Mahadevan, Sridhar and Makar, Rajbala},
  journal={Autonomous Agents and Multi-Agent Systems},
  volume={13},
  number={2},
  pages={197--229},
  year={2006},
  publisher={Springer}
}
@article{nisan2007introduction,
  title={Introduction to mechanism design (for computer scientists)},
  author={Nisan, Noam and others},
  journal={Algorithmic game theory},
  volume={9},
  pages={209--242},
  year={2007}
}
@article{kumar2017federated,
  title={Federated control with hierarchical multi-agent deep reinforcement learning},
  author={Kumar, Saurabh and Shah, Pararth and Hakkani-Tur, Dilek and Heck, Larry},
  journal={arXiv preprint arXiv:1712.08266},
  year={2017}
}
@article{yang2020overview,
  title={An Overview of Multi-Agent Reinforcement Learning from Game Theoretical Perspective},
  author={Yang, Yaodong and Wang, Jun},
  journal={arXiv preprint arXiv:2011.00583},
  year={2020}
}

@article{mguni2021learning,
  title={Learning in Nonzero-Sum Stochastic Games with Potentials},
  author={Mguni, David and Wu, Yutong and Du, Yali and Yang, Yaodong and Wang, Ziyi and Li, Minne and Wen, Ying and Jennings, Joel and Wang, Jun},
  journal={arXiv preprint arXiv:2103.09284},
  year={2021}
}

@inproceedings{tobin2017domain,
  title={Domain randomization for transferring deep neural networks from simulation to the real world},
  author={Tobin, Josh and Fong, Rachel and Ray, Alex and Schneider, Jonas and Zaremba, Wojciech and Abbeel, Pieter},
  booktitle={2017 IEEE/RSJ International Conference on Intelligent Robots and Systems (IROS)},
  pages={23--30},
  year={2017},
  organization={IEEE}
}
@inproceedings{tang2017reinforcement,
  title={Reinforcement mechanism design.},
  author={Tang, Pingzhong},
  booktitle={IJCAI},
  volume={17},
  pages={26--30},
  year={2017}
}
@article{kong2017revisiting,
  title={Revisiting the master-slave architecture in multi-agent deep reinforcement learning},
  author={Kong, Xiangyu and Xin, Bo and Liu, Fangchen and Wang, Yizhou},
  journal={arXiv preprint arXiv:1712.07305},
  year={2017}
}
@inproceedings{narvekar2017autonomous,
  title={Autonomous Task Sequencing for Customized Curriculum Design in Reinforcement Learning.},
  author={Narvekar, Sanmit and Sinapov, Jivko and Stone, Peter},
  booktitle={IJCAI},
  pages={2536--2542},
  year={2017}
}
@article{shu2018m,
  title={M\^{} 3RL: Mind-aware Multi-agent Management Reinforcement Learning},
  author={Shu, Tianmin and Tian, Yuandong},
  journal={arXiv preprint arXiv:1810.00147},
  year={2018}
}
@article{ahilan2019feudal,
  title={Feudal multi-agent hierarchies for cooperative reinforcement learning},
  author={Ahilan, Sanjeevan and Dayan, Peter},
  journal={arXiv preprint arXiv:1901.08492},
  year={2019}
}
@article{mguniefficient,
  title={Efficient Reinforcement Dynamic Mechanism Design},
  author={Mguni, David and Tomczak, Marcin},
  year={2019},
  journal={Adaptive and Learning Agents Workshop}
}
@misc{highway-env,
  author = {Leurent, Edouard},
  title = {An Environment for Autonomous Driving Decision-Making},
  year = {2018},
  publisher = {GitHub},
  journal = {GitHub repository},
  howpublished = {\url{https://github.com/eleurent/highway-env}},
}
@misc{gym-super-mario-bros,
  author = {Christian Kauten},
  howpublished = {GitHub},
  title = {{S}uper {M}ario {B}ros for {O}pen{AI} {G}ym},
  URL = {https://github.com/Kautenja/gym-super-mario-bros},
  year = {2018},
}
@misc{gym-maze,
  author = {Matthew Chan},
  howpublished = {GitHub},
  title = {{G}ym {M}aze},
  URL = {https://github.com/MattChanTK/gym-maze},
  year = {2017},
}

@inproceedings{tan1993multi,
  title={Multi-agent reinforcement learning: Independent vs. cooperative agents},
  author={Tan, Ming},
  booktitle={Proceedings of the tenth international conference on machine learning},
  pages={330--337},
  year={1993}
}
@article{hernandez2017survey,
  title={A survey of learning in multiagent environments: Dealing with non-stationarity},
  author={Hernandez-Leal, Pablo and Kaisers, Michael and Baarslag, Tim and de Cote, Enrique Munoz},
  journal={arXiv preprint arXiv:1707.09183},
  year={2017}
}
@inproceedings{foerster2018counterfactual,
  title={Counterfactual multi-agent policy gradients},
  author={Foerster, Jakob N and Farquhar, Gregory and Afouras, Triantafyllos and Nardelli, Nantas and Whiteson, Shimon},
  booktitle={Thirty-second AAAI conference on artificial intelligence},
  year={2018}
}
@inproceedings{lowe2017multi,
  title={Multi-agent actor-critic for mixed cooperative-competitive environments},
  author={Lowe, Ryan and Wu, Yi I and Tamar, Aviv and Harb, Jean and Abbeel, OpenAI Pieter and Mordatch, Igor},
  booktitle={Advances in neural information processing systems},
  pages={6379--6390},
  year={2017}
}
@article{munos2007finite,
  title={Finite time bounds for sampling-based fitted value iteration},
  author={Munos, R{\'e}mi and Szepesvari, Csaba},
  year={2007}
}
@article{antos2007fitted,
  title={Fitted Q-iteration in continuous action-space MDPs},
  author={Antos, Andr{\'a}s and Munos, R{\'e}mi and Szepesv{\'a}ri, Csaba},
  year={2007}
}
@article{munos2008finite,
  title={Finite-Time Bounds for Fitted Value Iteration.},
  author={Munos, R{\'e}mi and Szepesv{\'a}ri, Csaba},
  journal={Journal of Machine Learning Research},
  volume={9},
  number={5},
  year={2008}
}
@inproceedings{noelle2019unsupervised,
  title={Unsupervised methods for subgoal discovery during intrinsic motivation in model-free hierarchical reinforcement learning},
  author={Noelle, David C},
  booktitle={KEG@ AAAI},
  year={2019}
}
@article{mcgovern2001automatic,
  title={Automatic discovery of subgoals in reinforcement learning using diverse density},
  author={McGovern, Amy and Barto, Andrew G},
  year={2001}
}
@article{houthooft2016vime,
  title={Vime: Variational information maximizing exploration},
  author={Houthooft, Rein and Chen, Xi and Duan, Yan and Schulman, John and De Turck, Filip and Abbeel, Pieter},
  journal={arXiv preprint arXiv:1605.09674},
  year={2016}
}
@article{park2001modular,
  title={Modular Q-learning based multi-agent cooperation for robot soccer},
  author={Park, Kui-Hong and Kim, Yong-Jae and Kim, Jong-Hwan},
  journal={Robotics and Autonomous Systems},
  volume={35},
  number={2},
  pages={109--122},
  year={2001},
  publisher={Elsevier}
}
@inproceedings{perez2018photorealistic,
  title={Photorealistic video super resolution},
  author={P{\'e}rez-Pellitero, Eduardo and Sajjadi, Mehdi SM and Hirsch, Michael and Sch{\"o}lkopf, Bernhard},
  booktitle={Workshop and Challenge on Perceptual Image Restoration and Manipulation (PIRM) at the 15th European Conference on Computer Vision (ECCV)},
  year={2018}
}
@article{abdullah2019wasserstein,
  title={Wasserstein robust reinforcement learning},
  author={Abdullah, Mohammed Amin and Ren, Hang and Bou-Ammar, Haitham Bou and Milenkovic, Vladimir and Luo, Rui and Zhang, Mingtian and Wang, Jun},
  journal={arXiv preprint arXiv:1907.13196},
  year={2019}
}
@inproceedings{trott2019keeping,
  title={Keeping your distance: Solving sparse reward tasks using self-balancing shaped rewards},
  author={Trott, Alexander and Zheng, Stephan and Xiong, Caiming and Socher, Richard},
  booktitle={Advances in Neural Information Processing Systems},
  pages={10376--10386},
  year={2019}
}
@article{bougie2020skill,
  title={Skill-based curiosity for intrinsically motivated reinforcement learning},
  author={Bougie, Nicolas and Ichise, Ryutaro},
  journal={Machine Learning},
  volume={109},
  number={3},
  pages={493--512},
  year={2020},
  publisher={Springer}
}
@book{bertsekas2012approximate,
  title={Approximate dynamic programming},
  author={Bertsekas, Dimitri P},
  year={2012},
  publisher={Athena scientific Belmont}
}

@article{botvinick2019reinforcement,
  title={Reinforcement learning, fast and slow},
  author={Botvinick, Matthew and Ritter, Sam and Wang, Jane X and Kurth-Nelson, Zeb and Blundell, Charles and Hassabis, Demis},
  journal={Trends in cognitive sciences},
  volume={23},
  number={5},
  pages={408--422},
  year={2019},
  publisher={Elsevier}
}

@inproceedings{zheng2020can,
  title={What Can Learned Intrinsic Rewards Capture?},
  author={Zheng, Zeyu and Oh, Junhyuk and Hessel, Matteo and Xu, Zhongwen and Kroiss, Manuel and Van Hasselt, Hado and Silver, David and Singh, Satinder},
  booktitle={International Conference on Machine Learning},
  pages={11436--11446},
  year={2020},
  organization={PMLR}
}
@article{guo2016deep,
  title={Deep learning for reward design to improve monte carlo tree search in atari games},
  author={Guo, Xiaoxiao and Singh, Satinder and Lewis, Richard and Lee, Honglak},
  journal={arXiv preprint arXiv:1604.07095},
  year={2016}
}
@inproceedings{singh2009rewards,
  title={Where do rewards come from},
  author={Singh, Satinder and Lewis, Richard L and Barto, Andrew G},
  booktitle={Proceedings of the annual conference of the cognitive science society},
  pages={2601--2606},
  year={2009},
  organization={Cognitive Science Society}
}
@article{ostrovski2017count,
  title={Count-based exploration with neural density models},
  author={Ostrovski, Georg and Bellemare, Marc G and Oord, Aaron van den and Munos, R{\'e}mi},
  journal={arXiv preprint arXiv:1703.01310},
  year={2017}
}
@inproceedings{bellemare2016unifying,
  title={Unifying count-based exploration and intrinsic motivation},
  author={Bellemare, Marc and Srinivasan, Sriram and Ostrovski, Georg and Schaul, Tom and Saxton, David and Munos, Remi},
  booktitle={Advances in neural information processing systems},
  pages={1471--1479},
  year={2016}
}
@article{manrique2020parametric,
  title={A Parametric Study of a Deep Reinforcement Learning Control System Applied to the Swing-Up Problem of the Cart-Pole},
  author={Manrique Escobar, Camilo Andr{\'e}s and Pappalardo, Carmine Maria and Guida, Domenico},
  journal={Applied Sciences},
  volume={10},
  number={24},
  pages={9013},
  year={2020},
  publisher={Multidisciplinary Digital Publishing Institute}
}

@inproceedings{kurach2020google,
  title={Google research football: A novel reinforcement learning environment},
  author={Kurach, Karol and Raichuk, Anton and Sta{\'n}czyk, Piotr and Zaj{\k{a}}c, Micha{\l} and Bachem, Olivier and Espeholt, Lasse and Riquelme, Carlos and Vincent, Damien and Michalski, Marcin and Bousquet, Olivier and others},
  booktitle={Proceedings of the AAAI Conference on Artificial Intelligence},
  volume={34},
  number={04},
  pages={4501--4510},
  year={2020}
}

@book{sutton2018reinforcement,
  title={Reinforcement learning: An introduction},
  author={Sutton, Richard S and Barto, Andrew G},
  year={2018},
  publisher={MIT press}
}
@article{zou2019reward,
  title={Reward shaping via meta-learning},
  author={Zou, Haosheng and Ren, Tongzheng and Yan, Dong and Su, Hang and Zhu, Jun},
  journal={arXiv preprint arXiv:1901.09330},
  year={2019}
}
@inproceedings{stadie2020learning,
  title={Learning Intrinsic Rewards as a Bi-Level Optimization Problem},
  author={Stadie, Bradly and Zhang, Lunjun and Ba, Jimmy},
  booktitle={Conference on Uncertainty in Artificial Intelligence},
  pages={111--120},
  year={2020},
  organization={PMLR}
}
@article{hu2020learning,
  title={Learning to Utilize Shaping Rewards: A New Approach of Reward Shaping},
  author={Hu, Yujing and Wang, Weixun and Jia, Hangtian and Wang, Yixiang and Chen, Yingfeng and Hao, Jianye and Wu, Feng and Fan, Changjie},
  journal={Advances in Neural Information Processing Systems},
  volume={33},
  year={2020}
}
@inproceedings{marthi2007automatic,
  title={Automatic shaping and decomposition of reward functions},
  author={Marthi, Bhaskara},
  booktitle={Proceedings of the 24th International Conference on Machine learning},
  pages={601--608},
  year={2007}
}
@inproceedings{grzes2008learning,
  title={Learning potential for reward shaping in reinforcement learning with tile coding},
  author={Grzes, Marek and Kudenko, Daniel},
  booktitle={Proceedings AAMAS 2008 Workshop on Adaptive and Learning Agents and Multi-Agent Systems (ALAMAS-ALAg 2008)},
  pages={17--23},
  year={2008}
}
@article{chen2009settling,
  title={Settling the complexity of computing two-player Nash equilibria},
  author={Chen, Xi and Deng, Xiaotie and Teng, Shang-Hua},
  journal={Journal of the ACM (JACM)},
  volume={56},
  number={3},
  pages={1--57},
  year={2009},
  publisher={ACM New York, NY, USA}
}
@article{deisenroth2011learning,
  title={Learning to control a low-cost manipulator using data-efficient reinforcement learning},
  author={Deisenroth, Marc Peter and Rasmussen, Carl Edward and Fox, Dieter},
  journal={Robotics: Science and Systems VII},
  pages={57--64},
  year={2011}
}
@article{zhang2019multi,
  title={Multi-agent reinforcement learning: A selective overview of theories and algorithms},
  author={Zhang, Kaiqing and Yang, Zhuoran and Ba{\c{s}}ar, Tamer},
  journal={arXiv preprint arXiv:1911.10635},
  year={2019}
}
@inproceedings{tokic2012teaching,
  title={Teaching reinforcement learning using a physical robot},
  author={Tokic, Michel and Bou-Ammar, Haitham},
  booktitle={Proceedings of the ICML Workshop on Teaching Machine Learning},
  year={2012}
}
@article{andersen2018learning,
  title={Learning high-level representations from demonstrations},
  author={Andersen, Garrett and Vrancx, Peter and Bou-Ammar, Haitham},
  journal={arXiv preprint arXiv:1802.06604},
  year={2018}
}
@article{jaskiewicz2016non,
  title={Non-zero-sum stochastic games},
  author={Ja{\'s}kiewicz, Anna and Nowak, Andrzej S},
  journal={Handbook of dynamic game theory},
  pages={1--64},
  year={2016},
  publisher={Springer Cham}
}
@inproceedings{precup1998theoretical,
  title={Theoretical results on reinforcement learning with temporally abstract options},
  author={Precup, Doina and Sutton, Richard S and Singh, Satinder},
  booktitle={European conference on machine learning},
  pages={382--393},
  year={1998},
  organization={Springer}
}
@article{ecoffet2019go,
  title={Go-explore: a new approach for hard-exploration problems},
  author={Ecoffet, Adrien and Huizinga, Joost and Lehman, Joel and Stanley, Kenneth O and Clune, Jeff},
  journal={arXiv preprint arXiv:1901.10995},
  year={2019}
}

@article{raghavan1985stochastic,
  title={On stochastic games with additive reward and transition structure},
  author={Raghavan, Tirukkannamangai ES and Tijs, SH and Vrieze, OJ},
  journal={Journal of Optimization Theory and Applications},
  volume={47},
  number={4},
  pages={451--464},
  year={1985},
  publisher={Springer}
}
@article{strehl2008analysis,
  title={An analysis of model-based interval estimation for Markov decision processes},
  author={Strehl, Alexander L and Littman, Michael L},
  journal={Journal of Computer and System Sciences},
  volume={74},
  number={8},
  pages={1309--1331},
  year={2008},
  publisher={Academic Press}
}
@article{stadie2015incentivizing,
  title={Incentivizing exploration in reinforcement learning with deep predictive models},
  author={Stadie, Bradly C and Levine, Sergey and Abbeel, Pieter},
  journal={arXiv preprint arXiv:1507.00814},
  year={2015}
}
@article{igl2020impact,
  title={The Impact of Non-stationarity on Generalisation in Deep Reinforcement Learning},
  author={Igl, Maximilian and Farquhar, Gregory and Luketina, Jelena and Boehmer, Wendelin and Whiteson, Shimon},
  journal={arXiv preprint arXiv:2006.05826},
  year={2020}
}
@article{silver2018general,
  title={A general reinforcement learning algorithm that masters chess, shogi, and Go through self-play},
  author={Silver, David and Hubert, Thomas and Schrittwieser, Julian and Antonoglou, Ioannis and Lai, Matthew and Guez, Arthur and Lanctot, Marc and Sifre, Laurent and Kumaran, Dharshan and Graepel, Thore and others},
  journal={Science},
  volume={362},
  number={6419},
  pages={1140--1144},
  year={2018},
  publisher={American Association for the Advancement of Science}
}
@article{peng2017multiagent,
  title={Multiagent bidirectionally-coordinated nets: Emergence of human-level coordination in learning to play starcraft combat games},
  author={Peng, Peng and Wen, Ying and Yang, Yaodong and Yuan, Quan and Tang, Zhenkun and Long, Haitao and Wang, Jun},
  journal={arXiv preprint arXiv:1703.10069},
  year={2017}
}
@article{polydoros2017survey,
  title={Survey of model-based reinforcement learning: Applications on robotics},
  author={Polydoros, Athanasios S and Nalpantidis, Lazaros},
  journal={Journal of Intelligent \& Robotic Systems},
  volume={86},
  number={2},
  pages={153--173},
  year={2017},
  publisher={Springer}
}@article{conitzer2002complexity,
  title={Complexity results about Nash equilibria},
  author={Conitzer, Vincent and Sandholm, Tuomas},
  journal={arXiv preprint cs/0205074},
  year={2002}
}
@article{charlesworth2020plangan,
  title={PlanGAN: Model-based Planning With Sparse Rewards and Multiple Goals},
  author={Charlesworth, Henry and Montana, Giovanni},
  journal={arXiv preprint arXiv:2006.00900},
  year={2020}
}
@article{mnih2013playing,
  title={Playing atari with deep reinforcement learning},
  author={Mnih, Volodymyr and Kavukcuoglu, Koray and Silver, David and Graves, Alex and Antonoglou, Ioannis and Wierstra, Daan and Riedmiller, Martin},
  journal={arXiv preprint arXiv:1312.5602},
  year={2013}
}
@inproceedings{brys2015reinforcement,
  title={Reinforcement learning from demonstration through shaping},
  author={Brys, Tim and Harutyunyan, Anna and Suay, Halit Bener and Chernova, Sonia and Taylor, Matthew E and Now{\'e}, Ann},
  booktitle={Twenty-fourth international joint conference on artificial intelligence},
  year={2015}
}
@article{kingma2014adam,
  title={Adam: A method for stochastic optimization},
  author={Kingma, Diederik P and Ba, Jimmy},
  journal={arXiv preprint arXiv:1412.6980},
  year={2014}
}

@inproceedings{auer2009near,
  title={Near-optimal regret bounds for reinforcement learning},
  author={Auer, Peter and Jaksch, Thomas and Ortner, Ronald},
  booktitle={Advances in neural information processing systems},
  pages={89--96},
  year={2009}
}

@article{even2009online,
  title={Online Markov decision processes},
  author={Even-Dar, Eyal and Kakade, Sham M and Mansour, Yishay},
  journal={Mathematics of Operations Research},
  volume={34},
  number={3},
  pages={726--736},
  year={2009},
  publisher={INFORMS}
}


@article{yu2009markov,
  title={Markov decision processes with arbitrary reward processes},
  author={Yu, Jia Yuan and Mannor, Shie and Shimkin, Nahum},
  journal={Mathematics of Operations Research},
  volume={34},
  number={3},
  pages={737--757},
  year={2009},
  publisher={INFORMS}
}


@article{brekke1994optimal,
  title={Optimal switching in an economic activity under uncertainty},
  author={Brekke, Kjell Arne and {\O}ksendal, Bernt},
  journal={SIAM Journal on Control and Optimization},
  volume={32},
  number={4},
  pages={1021--1036},
  year={1994},
  publisher={SIAM}
}
@article{choi2018contingency,
  title={Contingency-aware exploration in reinforcement learning},
  author={Choi, Jongwook and Guo, Yijie and Moczulski, Marcin and Oh, Junhyuk and Wu, Neal and Norouzi, Mohammad and Lee, Honglak},
  journal={arXiv preprint arXiv:1811.01483},
  year={2018}
}
@InProceedings{sorg2010reward,
  author    = {Sorg, Jonathan and Lewis, Richard L and Singh, Satinder P},
  title     = {Reward design via online gradient ascent},
  booktitle = {Advances in Neural Information Processing Systems (NeurIPS)},
  year      = {2010},
  pages     = {2190--2198},
}
@Article{singh2010intrinsically,
  author    = {Singh, Satinder and Lewis, Richard L and Barto, Andrew G and Sorg, Jonathan},
  title     = {Intrinsically motivated reinforcement learning: An evolutionary perspective},
  journal   = {IEEE Transactions on Autonomous Mental Development},
  year      = {2010},
  volume    = {2},
  number    = {2},
  pages     = {70--82},
  publisher = {IEEE},
}

@article{yang2019never,
  title={Never forget: Balancing exploration and exploitation via learning optical flow},
  author={Yang, Hsuan-Kung and Chiang, Po-Han and Ho, Kuan-Wei and Hong, Min-Fong and Lee, Chun-Yi},
  journal={arXiv preprint arXiv:1901.08486},
  year={2019}
}

@inproceedings{burda2018largescale,
title={Large-Scale Study of Curiosity-Driven Learning},
author={Yuri Burda and Harri Edwards and Deepak Pathak and Amos Storkey and Trevor Darrell and Alexei A. Efros},
booktitle={International Conference on Learning Representations (ICLR)},
year={2019},
}
@article{goodfellow2014generative,
  title={Generative adversarial networks},
  author={Goodfellow, Ian J and Pouget-Abadie, Jean and Mirza, Mehdi and Xu, Bing and Warde-Farley, David and Ozair, Sherjil and Courville, Aaron and Bengio, Yoshua},
  journal={arXiv preprint arXiv:1406.2661},
  year={2014}
}
@article{iqbal2019coordinated,
archivePrefix = {arXiv},
arxivId = {1905.12127},
author = {Iqbal, Shariq and Sha, Fei},
eprint = {1905.12127},
title = {{Coordinated Exploration via Intrinsic Rewards for Multi-Agent Reinforcement Learning}},
url = {http://arxiv.org/abs/1905.12127},
year = {2019}
}

@inproceedings{oudeyer2008can,
  title={How can we define intrinsic motivation},
  author={Oudeyer, Pierre-Yves and Kaplan, Frederic and others},
  booktitle={Proc. of the 8th Conf. on Epigenetic Robotics},
  volume={5},
  pages={29--31},
  year={2008}
}
@article{franceschi2019learning,
  title={Learning discrete structures for graph neural networks},
  author={Franceschi, Luca and Niepert, Mathias and Pontil, Massimiliano and He, Xiao},
  journal={arXiv preprint arXiv:1903.11960},
  year={2019}
}
@inproceedings{arjona2019rudder,
  title={Rudder: Return decomposition for delayed rewards},
  author={Arjona-Medina, Jose A and Gillhofer, Michael and Widrich, Michael and Unterthiner, Thomas and Brandstetter, Johannes and Hochreiter, Sepp},
  booktitle={Advances in {N}eural {I}nformation {P}rocessing {S}ystems},
  year={2019}
}
@article{liu2019sequence,
  title={Sequence Modeling of Temporal Credit Assignment for Episodic Reinforcement Learning},
  author={Liu, Yang and Luo, Yunan and Zhong, Yuanyi and Chen, Xi and Liu, Qiang and Peng, Jian},
  journal={arXiv preprint arXiv:1905.13420},
  year={2019}
}

@inproceedings{LargescaleCuriosity,
title={Large-Scale Study of Curiosity-Driven Learning},
author={Yuri Burda and Harri Edwards and Deepak Pathak and Amos Storkey and Trevor Darrell and Alexei A. Efros},
booktitle={International Conference on Learning Representations},
year={2019},
}


@misc{example2020citation,
  title={Example citation},
  author={FirstName LastName},
  year={2020},
}

@article{stone2014fall,
  title={\href{https://ieeexplore.ieee.org/abstract/document/6774430}{Fall detection in homes of older adults using the Microsoft Kinect}},
  author={Stone, Erik E and Skubic, Marjorie},
  journal={IEEE journal of biomedical and health informatics},
  volume={19},
  number={1},
  pages={290--301},
  year={2014},
  publisher={IEEE},
  doi = {10.1109/JBHI.2014.2312180},
  URL = {https://ieeexplore.ieee.org/abstract/document/6774430},
}

@inproceedings{staranowicz2015easy,
  title={\href{https://ieeexplore.ieee.org/abstract/document/7319513/}{Easy-to-use, general, and accurate multi-Kinect calibration and its application to gait monitoring for fall prediction}},
  author={Staranowicz, Aaron N and Ray, Christopher and Mariottini, Gian-Luca},
  booktitle={2015 37th Annual International Conference of the IEEE Engineering in Medicine and Biology Society (EMBC)},
  pages={4994--4998},
  year={2015},
  organization={IEEE},
  doi = {10.1109/EMBC.2015.7319513},
  URL = {https://ieeexplore.ieee.org/abstract/document/7319513/},
}


@InProceedings{Zheng2018,
  author    = {Zheng, Zeyu and Oh, Junhyuk and Singh, Satinder},
  title     = {On learning intrinsic rewards for policy gradient methods},
  booktitle = {Advances in Neural Information Processing Systems (NeurIPS)},
  year      = {2018},
  pages     = {4644--4654},
}


@article{perkins2014game,
  title={Game-theoretical control with continuous action sets},
  author={Perkins, Steven and Mertikopoulos, Panayotis and Leslie, David S},
  journal={arXiv preprint arXiv:1412.0543},
  year={2014}
}
@article{raghavan1991algorithms,
  title={Algorithms for stochastic games—a survey},
  author={Raghavan, TES and Filar, Jerzy A},
  journal={Zeitschrift f{\"u}r Operations Research},
  volume={35},
  number={6},
  pages={437--472},
  year={1991},
  publisher={Springer}
}
@article{monderer1996fictitious,
  title={Fictitious play property for games with identical interests},
  author={Monderer, Dov and Shapley, Lloyd S},
  journal={Journal of economic theory},
  volume={68},
  number={1},
  pages={258--265},
  year={1996},
  publisher={Elsevier}
}
@article{goldberg2013complexity,
  title={The complexity of the homotopy method, equilibrium selection, and Lemke-Howson solutions},
  author={Goldberg, Paul W and Papadimitriou, Christos H and Savani, Rahul},
  journal={ACM Transactions on Economics and Computation (TEAC)},
  volume={1},
  number={2},
  pages={1--25},
  year={2013},
  publisher={ACM New York, NY, USA}
}
@inproceedings{cai2018reinforcement,
  title={Reinforcement Mechanism Design for e-commerce},
  author={Cai, Qingpeng and Filos-Ratsikas, Aris and Tang, Pingzhong and Zhang, Yiwei},
  booktitle={Proceedings of the 2018 World Wide Web Conference},
  pages={1339--1348},
  year={2018}
}@article{tiratanapakhom2016braess,
  title={Braess’ paradox in the uncertain demand and congestion assumed stochastic transportation network design problem},
  author={Tiratanapakhom, Tawin and Kim, Hyunmyung and Nam, Daisik and Lim, Yongtaek},
  journal={KSCE Journal of Civil Engineering},
  volume={20},
  number={7},
  pages={2928--2937},
  year={2016},
  publisher={Springer}
}
@inproceedings{nguyen2009stochastic,
  title={Stochastic games for security in networks with interdependent nodes},
  author={Nguyen, Kien C and Alpcan, Tansu and Basar, Tamer},
  booktitle={2009 International Conference on Game Theory for Networks},
  pages={697--703},
  year={2009},
  organization={IEEE}
}
@inproceedings{murray2007multi,
  title={Multi-robot negotiation: approximating the set of subgame perfect equilibria in general-sum stochastic games},
  author={Murray, Chris and Gordon, Geoffrey J},
  booktitle={Advances in neural information processing systems},
  pages={1001--1008},
  year={2007}
}
@article{mckelvey1996computation,
  title={Computation of equilibria in finite games},
  author={McKelvey, Richard D and McLennan, Andrew and others},
  journal={Handbook of computational economics},
  volume={1},
  pages={87--142},
  year={1996}
}
@book{gonzalez2013discrete,
  title={Discrete--time stochastic control and dynamic potential games: the Euler--Equation approach},
  author={Gonz{\'a}lez-S{\'a}nchez, David and Hern{\'a}ndez-Lerma, On{\'e}simo},
  year={2013},
  publisher={Springer Science \& Business Media}
}
@inproceedings{papadimitriou2005computing,
  title={Computing equilibria in multi-player games},
  author={Papadimitriou, Christos H and Roughgarden, Tim},
  booktitle={Proceedings of the sixteenth annual ACM-SIAM symposium on Discrete algorithms},
  pages={82--91},
  year={2005},
  organization={Society for Industrial and Applied Mathematics}
}
@article{saad2012game,
  title={Game-theoretic methods for the smart grid: An overview of microgrid systems, demand-side management, and smart grid communications},
  author={Saad, Walid and Han, Zhu and Poor, H Vincent and Basar, Tamer},
  journal={IEEE Signal Processing Magazine},
  volume={29},
  number={5},
  pages={86--105},
  year={2012},
  publisher={IEEE}
}
@article{buzzi2011potential,
  title={Potential games for energy-efficient power control and subcarrier allocation in uplink multicell OFDMA systems},
  author={Buzzi, Stefano and Colavolpe, Giulio and Saturnino, Daniela and Zappone, Alessio},
  journal={IEEE Journal of Selected Topics in Signal Processing},
  volume={6},
  number={2},
  pages={89--103},
  year={2011},
  publisher={IEEE}
}
@article{sandholm2001potential,
  title={Potential games with continuous player sets},
  author={Sandholm, William H},
  journal={Journal of Economic theory},
  volume={97},
  number={1},
  pages={81--108},
  year={2001},
  publisher={Elsevier}
}
@article{cardaliaguet2017learning,
  title={Learning in mean field games: the fictitious play},
  author={Cardaliaguet, Pierre and Hadikhanloo, Saeed},
  journal={ESAIM: Control, Optimisation and Calculus of Variations},
  volume={23},
  number={2},
  pages={569--591},
  year={2017},
  publisher={EDP Sciences}
}
@inproceedings{leslie2011equilibrium,
  title={Equilibrium selection in potential games with noisy rewards},
  author={Leslie, David S and Marden, Jason R},
  booktitle={International Conference on NETwork Games, Control and Optimization (NetGCooP 2011)},
  pages={1--4},
  year={2011},
  organization={IEEE}
}
@article{traulsen2009stochastic,
  title={Stochastic evolutionary game dynamics},
  author={Traulsen, Arne and Hauert, Christoph},
  journal={Reviews of nonlinear dynamics and complexity},
  volume={2},
  pages={25--61},
  year={2009},
  publisher={Wiley Online Library}
}
@book{bauso2016game,
  title={Game theory with engineering applications},
  author={Bauso, Dario},
  year={2016},
  publisher={SIAM}
}
@article{mguni2018duopoly,
  title={Duopoly Investment Problems with Minimally Bounded Adjustment Costs},
  author={Mguni, David},
  journal={arXiv preprint arXiv:1805.11974},
  year={2018}
}@inproceedings{wang2003reinforcement,
  title={Reinforcement learning to play an optimal Nash equilibrium in team Markov games},
  author={Wang, Xiaofeng and Sandholm, Tuomas},
  booktitle={Advances in neural information processing systems},
  pages={1603--1610},
  year={2003}
}
@inproceedings{ganzfried2009computing,
  title={Computing equilibria in multiplayer stochastic games of imperfect information},
  author={Ganzfried, Sam and Sandholm, Tuomas},
  booktitle={Twenty-First International Joint Conference on Artificial Intelligence},
  year={2009}
}
@book{breton2010advances,
  title={Advances in dynamic games: theory, applications, and numerical methods for differential and stochastic games},
  author={Breton, Mich{\`e}le and Szajowski, Krzysztof},
  volume={11},
  year={2010},
  publisher={Springer Science \& Business Media}
}
@article{papadimitriou1987complexity,
  title={The complexity of Markov decision processes},
  author={Papadimitriou, Christos H and Tsitsiklis, John N},
  journal={Mathematics of operations research},
  volume={12},
  number={3},
  pages={441--450},
  year={1987},
  publisher={INFORMS}
}
@article{conitzer2008new,
  title={New complexity results about Nash equilibria},
  author={Conitzer, Vincent and Sandholm, Tuomas},
  journal={Games and Economic Behavior},
  volume={63},
  number={2},
  pages={621--641},
  year={2008},
  publisher={Elsevier}
}
@book{young2004strategic,
  title={Strategic learning and its limits},
  author={Young, H Peyton},
  year={2004},
  publisher={OUP Oxford}}
@inproceedings{heliou2017learning,
  title={Learning with bandit feedback in potential games},
  author={Heliou, Am{\'e}lie and Cohen, Johanne and Mertikopoulos, Panayotis},
  booktitle={Advances in Neural Information Processing Systems},
  pages={6369--6378},
  year={2017}
}
@article{ritzberger2002foundations,
  title={Foundations of non-cooperative game theory},
  author={Ritzberger, Klaus and others},
  journal={OUP Catalogue},
  year={2002},
  publisher={Oxford University Press}
}
@article{fabiani2018distributed,
  title={A distributed passivity approach to AUV teams control in cooperating potential games},
  author={Fabiani, Filippo and Fenucci, Davide and Caiti, Andrea},
  journal={Ocean Engineering},
  volume={157},
  pages={152--163},
  year={2018},
  publisher={Elsevier}
}
@article{marden2009cooperative,
  title={Cooperative control and potential games},
  author={Marden, Jason R and Arslan, G{\"u}rdal and Shamma, Jeff S},
  journal={IEEE Transactions on Systems, Man, and Cybernetics, Part B (Cybernetics)},
  volume={39},
  number={6},
  pages={1393--1407},
  year={2009},
  publisher={IEEE}
}@inproceedings{scutari2006potential,
  title={Potential games: A framework for vector power control problems with coupled constraints},
  author={Scutari, Gesualdo and Barbarossa, Sergio and Palomar, Daniel P},
  booktitle={2006 IEEE International Conference on Acoustics Speech and Signal Processing Proceedings},
  volume={4},
  pages={IV--IV},
  year={2006},
  organization={IEEE}
}
@article{marden2012state,
  title={State based potential games},
  author={Marden, Jason R},
  journal={Automatica},
  volume={48},
  number={12},
  pages={3075--3088},
  year={2012},
  publisher={Elsevier}
}
@article{YU199532,
title = "A Game Strategy Approach for Image Labeling",
journal = "Computer Vision and Image Understanding",
volume = "61",
number = "1",
pages = "32 - 37",
year = "1995",
issn = "1077-3142",
doi = "https://doi.org/10.1006/cviu.1995.1003",
url = "http://www.sciencedirect.com/science/article/pii/S107731428571003X",
author = "S. Yu and M. Berthod"}
@article{zazo2015dynamic,
  title={Dynamic potential games in communications: Fundamentals and applications},
  author={Zazo, Santiago and Macua, Sergio Valcarcel and S{\'a}nchez-Fern{\'a}ndez, Matilde and Zazo, Javier},
  journal={arXiv preprint arXiv:1509.01313},
  year={2015}
}
@article{monderer1996potential,
  title={Potential games},
  author={Monderer, Dov and Shapley, Lloyd S},
  journal={Games and economic behavior},
  volume={14},
  number={1},
  pages={124--143},
  year={1996},
  publisher={Elsevier}
}
@article{leslie2006generalised,
  title={Generalised weakened fictitious play},
  author={Leslie, David S and Collins, Edmund J},
  journal={Games and Economic Behavior},
  volume={56},
  number={2},
  pages={285--298},
  year={2006},
  publisher={Elsevier}
}
@inproceedings{heinrich2015fictitious,
  title={Fictitious self-play in extensive-form games},
  author={Heinrich, Johannes and Lanctot, Marc and Silver, David},
  booktitle={International Conference on Machine Learning},
  pages={805--813},
  year={2015}
}
@article{bloembergen2015evolutionary,
  title={Evolutionary dynamics of multi-agent learning: A survey},
  author={Bloembergen, Daan and Tuyls, Karl and Hennes, Daniel and Kaisers, Michael},
  journal={Journal of Artificial Intelligence Research},
  volume={53},
  pages={659--697},
  year={2015}
}
@article{steinberg1983prevalence,
  title={The prevalence of Braess' paradox},
  author={Steinberg, Richard and Zangwill, Willard I},
  journal={Transportation Science},
  volume={17},
  number={3},
  pages={301--318},
  year={1983},
  publisher={INFORMS}
}
@article{ye2015multi,
  title={A multi-agent framework for packet routing in wireless sensor networks},
  author={Ye, Dayong and Zhang, Minjie and Yang, Yun},
  journal={sensors},
  volume={15},
  number={5},
  pages={10026--10047},
  year={2015},
  publisher={Multidisciplinary Digital Publishing Institute}
}
@article{cao2012overview,
  title={An overview of recent progress in the study of distributed multi-agent coordination},
  author={Cao, Yongcan and Yu, Wenwu and Ren, Wei and Chen, Guanrong},
  journal={IEEE Transactions on Industrial informatics},
  volume={9},
  number={1},
  pages={427--438},
  year={2012},
  publisher={IEEE}
}
@article{youn2008price,
  title={Price of anarchy in transportation networks: efficiency and optimality control},
  author={Youn, Hyejin and Gastner, Michael T and Jeong, Hawoong},
  journal={Physical review letters},
  volume={101},
  number={12},
  pages={128701},
  year={2008},
  publisher={APS}
}
@incollection{RoutingGames,
  author = "T. Roughgarden",
  title = "Routing Games",
  editor = "Noam Nisan and Tim Roughgarden and \'Eva Tardos and Vijay V. Vazirani",
  booktitle                    = "Algorithmic Game Theory",
  Publisher                = "Cambridge University Press",
  year                     = 2007,
  Address                  = "New York, NY, USA",
  pages = "461-486",
  chapter = "18"
}
@book{roughgarden2016twenty,
  title={Twenty lectures on algorithmic game theory},
  author={Roughgarden, Tim},
  year={2016},
  publisher={Cambridge University Press}
}
@article{roughgarden2007routing,
  title={Routing games},
  author={Roughgarden, Tim},
  journal={Algorithmic game theory},
  volume={18},
  pages={459--484},
  year={2007},
  publisher={Cambridge University Press Cambridge, MA}
}@book{la2016potential,
  title={Potential Game Theory},
  author={L{\~a}, Quang Duy and Chew, Yong Huat and Soong, Boon-Hee},
  year={2016},
  publisher={Springer}
}
@article{mguni2018optimal,
  title={Optimal Selection of Transaction Costs in a Dynamic Principal-Agent Problem},
  author={Mguni, David},
  journal={arXiv preprint arXiv:1805.01062},
  year={2018}
}
@article{shapley1953stochastic,
  title={Stochastic games},
  author={Shapley, Lloyd S},
  journal={Proceedings of the national academy of sciences},
  volume={39},
  number={10},
  pages={1095--1100},
  year={1953},
  publisher={National Acad Sciences}
}

@article{asadi2018lipschitz,
  title={Lipschitz continuity in model-based reinforcement learning},
  author={Asadi, Kavosh and Misra, Dipendra and Littman, Michael L},
  journal={arXiv preprint arXiv:1804.07193},
  year={2018}
}
@inproceedings{jain2011double,
  title={A double oracle algorithm for zero-sum security games on graphs},
  author={Jain, Manish and Korzhyk, Dmytro and Van{\v{e}}k, Ond{\v{r}}ej and Conitzer, Vincent and P{\v{e}}chou{\v{c}}ek, Michal and Tambe, Milind},
  booktitle={The 10th International Conference on Autonomous Agents and Multiagent Systems-Volume 1},
  pages={327--334},
  year={2011},
  organization={International Foundation for Autonomous Agents and Multiagent Systems}
}
@article{colson2007overview,
  title={An overview of bilevel optimization},
  author={Colson, Beno{\^\i}t and Marcotte, Patrice and Savard, Gilles},
  journal={Annals of operations research},
  volume={153},
  number={1},
  pages={235--256},
  year={2007},
  publisher={Springer}
}
@book{osborne1994course,
  title={A course in game theory},
  author={Osborne, Martin J and Rubinstein, Ariel},
  year={1994},
  publisher={MIT press}
}
@inproceedings{ceppi2011mechanism,
  title={Mechanism design for federated sponsored search auctions},
  author={Ceppi, Sofia and Gatti, Nicola and Gerding, Enrico Harm},
  booktitle={Twenty-Fifth AAAI Conference on Artificial Intelligence},
  year={2011}
}
@book{mas1995microeconomic,
  title={Microeconomic theory},
  author={Mas-Colell, Andreu and Whinston, Michael Dennis and Green, Jerry R and others},
  volume={1},
  year={1995},
  publisher={Oxford university press New York}
}
@inproceedings{yu2020expensive,
  title={Learning Expensive Coordination: An Event-Based Deep RL Approach},
  author={Yu, Runsheng and Wang, Xinrun  and Zhang, Youzhi and  Wang, Rundong and  An, Bo},
  booktitle={Proceedings of the 18th International Conference on Learning Representations},
  year={2020}
  }
@article{hill1979existence,
  title={On the existence of good Markov strategies},
  author={Hill, Theodore Preston},
  journal={Transactions of the American Mathematical Society},
  volume={247},
  pages={157--176},
  year={1979}
}
@inproceedings{dayan1993feudal,
  title={Feudal reinforcement learning},
  author={Dayan, Peter and Hinton, Geoffrey E},
  booktitle={Advances in neural information processing systems},
  pages={271--278},
  year={1993}
}
@inproceedings{makar2001hierarchical,
  title={Hierarchical multi-agent reinforcement learning},
  author={Makar, Rajbala and Mahadevan, Sridhar and Ghavamzadeh, Mohammad},
  booktitle={Proceedings of the fifth international conference on Autonomous agents},
  pages={246--253},
  year={2001},
  organization={ACM}
}
@article{barto2003recent,
  title={Recent advances in hierarchical reinforcement learning},
  author={Barto, Andrew G and Mahadevan, Sridhar},
  journal={Discrete event dynamic systems},
  volume={13},
  number={1-2},
  pages={41--77},
  year={2003},
  publisher={Springer}
}
@article{ghavamzadeh2006hierarchical,
  title={Hierarchical multi-agent reinforcement learning},
  author={Ghavamzadeh, Mohammad and Mahadevan, Sridhar and Makar, Rajbala},
  journal={Autonomous Agents and Multi-Agent Systems},
  volume={13},
  number={2},
  pages={197--229},
  year={2006},
  publisher={Springer}
}
@article{nisan2007introduction,
  title={Introduction to mechanism design (for computer scientists)},
  author={Nisan, Noam and others},
  journal={Algorithmic game theory},
  volume={9},
  pages={209--242},
  year={2007}
}
@article{kumar2017federated,
  title={Federated control with hierarchical multi-agent deep reinforcement learning},
  author={Kumar, Saurabh and Shah, Pararth and Hakkani-Tur, Dilek and Heck, Larry},
  journal={arXiv preprint arXiv:1712.08266},
  year={2017}
}
@inproceedings{tobin2017domain,
  title={Domain randomization for transferring deep neural networks from simulation to the real world},
  author={Tobin, Josh and Fong, Rachel and Ray, Alex and Schneider, Jonas and Zaremba, Wojciech and Abbeel, Pieter},
  booktitle={2017 IEEE/RSJ International Conference on Intelligent Robots and Systems (IROS)},
  pages={23--30},
  year={2017},
  organization={IEEE}
}
@inproceedings{tang2017reinforcement,
  title={Reinforcement mechanism design.},
  author={Tang, Pingzhong},
  booktitle={IJCAI},
  volume={17},
  pages={26--30},
  year={2017}
}
@article{kong2017revisiting,
  title={Revisiting the master-slave architecture in multi-agent deep reinforcement learning},
  author={Kong, Xiangyu and Xin, Bo and Liu, Fangchen and Wang, Yizhou},
  journal={arXiv preprint arXiv:1712.07305},
  year={2017}
}
@inproceedings{narvekar2017autonomous,
  title={Autonomous Task Sequencing for Customized Curriculum Design in Reinforcement Learning.},
  author={Narvekar, Sanmit and Sinapov, Jivko and Stone, Peter},
  booktitle={IJCAI},
  pages={2536--2542},
  year={2017}
}
@article{shu2018m,
  title={M\^{} 3RL: Mind-aware Multi-agent Management Reinforcement Learning},
  author={Shu, Tianmin and Tian, Yuandong},
  journal={arXiv preprint arXiv:1810.00147},
  year={2018}
}
@article{ahilan2019feudal,
  title={Feudal multi-agent hierarchies for cooperative reinforcement learning},
  author={Ahilan, Sanjeevan and Dayan, Peter},
  journal={arXiv preprint arXiv:1901.08492},
  year={2019}
}
@article{mguniefficient,
  title={Efficient Reinforcement Dynamic Mechanism Design},
  author={Mguni, David and Tomczak, Marcin},
  year={2019},
  journal={Adaptive and Learning Agents Workshop}
}
@misc{highway-env,
  author = {Leurent, Edouard},
  title = {An Environment for Autonomous Driving Decision-Making},
  year = {2018},
  publisher = {GitHub},
  journal = {GitHub repository},
  howpublished = {\url{https://github.com/eleurent/highway-env}},
}
@misc{gym-super-mario-bros,
  author = {Christian Kauten},
  howpublished = {GitHub},
  title = {{S}uper {M}ario {B}ros for {O}pen{AI} {G}ym},
  URL = {https://github.com/Kautenja/gym-super-mario-bros},
  year = {2018},
}
@misc{gym-maze,
  author = {Matthew Chan},
  howpublished = {GitHub},
  title = {{G}ym {M}aze},
  URL = {https://github.com/MattChanTK/gym-maze},
  year = {2017},
}


@inproceedings{ceppi2010algorithmic,
  title={An algorithmic game theory framework for bilateral bargaining with uncertainty},
  author={Ceppi, Sofia and Gatti, Nicola},
  booktitle={Proceedings of the 9th International Conference on Autonomous Agents and Multiagent Systems: volume 1-Volume 1},
  pages={1489--1490},
  year={2010}
}@article{balduzzi2018mechanics,
  title={The mechanics of n-player differentiable games},
  author={Balduzzi, David and Racaniere, Sebastien and Martens, James and Foerster, Jakob and Tuyls, Karl and Graepel, Thore},
  journal={arXiv preprint arXiv:1802.05642},
  year={2018}
}
@article{arslan2016decentralized,
  title={Decentralized Q-learning for stochastic teams and games},
  author={Arslan, G{\"u}rdal and Y{\"u}ksel, Serdar},
  journal={IEEE Transactions on Automatic Control},
  volume={62},
  number={4},
  pages={1545--1558},
  year={2016},
  publisher={IEEE}
}
@article{pilz2017recent,
  title={Recent advances in local energy trading in the smart grid based on game-theoretic approaches},
  author={Pilz, Matthias and Al-Fagih, Luluwah},
  journal={IEEE Transactions on Smart Grid},
  volume={10},
  number={2},
  pages={1363--1371},
  year={2017},
  publisher={IEEE}
}
@article{ui2000shapley,
  title={A Shapley value representation of potential games},
  author={Ui, Takashi},
  journal={Games and Economic Behavior},
  volume={31},
  number={1},
  pages={121--135},
  year={2000},
  publisher={Elsevier}
}
@article{slade1994does,
  title={What does an oligopoly maximize?},
  author={Slade, Margaret E},
  journal={The Journal of Industrial Economics},
  pages={45--61},
  year={1994},
  publisher={JSTOR}
}
@article{raghavan1991algorithms,
  title={Algorithms for stochastic games—a survey},
  author={Raghavan, TES and Filar, Jerzy A},
  journal={Zeitschrift f{\"u}r Operations Research},
  volume={35},
  number={6},
  pages={437--472},
  year={1991},
  publisher={Springer}
}


@article{nash1951non,
  title={Non-cooperative games},
  author={Nash, John},
  journal={Annals of mathematics},
  pages={286--295},
  year={1951},
  publisher={JSTOR}
}
@article{shoham2007if,
  title={If multi-agent learning is the answer, what is the question?},
  author={Shoham, Yoav and Powers, Rob and Grenager, Trond},
  journal={Artificial intelligence},
  volume={171},
  number={7},
  pages={365--377},
  year={2007},
  publisher={Elsevier}
}

@book{basar1999dynamic,
  title={Dynamic noncooperative game theory},
  author={Basar, Tamer and Olsder, Geert Jan},
  volume={23},
  year={1999},
  publisher={Siam}
}
@article{monderer1996fictitious,
  title={Fictitious play property for games with identical interests},
  author={Monderer, Dov and Shapley, Lloyd S},
  journal={Journal of economic theory},
  volume={68},
  number={1},
  pages={258--265},
  year={1996},
  publisher={Elsevier}
}

@article{candogan2011flows,
  title={Flows and decompositions of games: Harmonic and potential games},
  author={Candogan, Ozan and Menache, Ishai and Ozdaglar, Asuman and Parrilo, Pablo A},
  journal={Mathematics of Operations Research},
  volume={36},
  number={3},
  pages={474--503},
  year={2011},
  publisher={INFORMS}
}

@article{daskalakis2009complexity,
  title={The complexity of computing a Nash equilibrium},
  author={Daskalakis, Constantinos and Goldberg, Paul W and Papadimitriou, Christos H},
  journal={SIAM Journal on Computing},
  volume={39},
  number={1},
  pages={195--259},
  year={2009},
  publisher={SIAM}
}
@article{goldberg2013complexity,
  title={The complexity of the homotopy method, equilibrium selection, and Lemke-Howson solutions},
  author={Goldberg, Paul W and Papadimitriou, Christos H and Savani, Rahul},
  journal={ACM Transactions on Economics and Computation (TEAC)},
  volume={1},
  number={2},
  pages={1--25},
  year={2013},
  publisher={ACM New York, NY, USA}
}
@inproceedings{cai2018reinforcement,
  title={Reinforcement Mechanism Design for e-commerce},
  author={Cai, Qingpeng and Filos-Ratsikas, Aris and Tang, Pingzhong and Zhang, Yiwei},
  booktitle={Proceedings of the 2018 World Wide Web Conference},
  pages={1339--1348},
  year={2018}
}@article{tiratanapakhom2016braess,
  title={Braess’ paradox in the uncertain demand and congestion assumed stochastic transportation network design problem},
  author={Tiratanapakhom, Tawin and Kim, Hyunmyung and Nam, Daisik and Lim, Yongtaek},
  journal={KSCE Journal of Civil Engineering},
  volume={20},
  number={7},
  pages={2928--2937},
  year={2016},
  publisher={Springer}
}
@inproceedings{nguyen2009stochastic,
  title={Stochastic games for security in networks with interdependent nodes},
  author={Nguyen, Kien C and Alpcan, Tansu and Basar, Tamer},
  booktitle={2009 International Conference on Game Theory for Networks},
  pages={697--703},
  year={2009},
  organization={IEEE}
}
@inproceedings{murray2007multi,
  title={Multi-robot negotiation: approximating the set of subgame perfect equilibria in general-sum stochastic games},
  author={Murray, Chris and Gordon, Geoffrey J},
  booktitle={Advances in neural information processing systems},
  pages={1001--1008},
  year={2007}
}
@article{mckelvey1996computation,
  title={Computation of equilibria in finite games},
  author={McKelvey, Richard D and McLennan, Andrew and others},
  journal={Handbook of computational economics},
  volume={1},
  pages={87--142},
  year={1996}
}
@article{von2002computing,
  title={Computing equilibria for two-person games},
  author={Von Stengel, Bernhard},
  journal={Handbook of game theory with economic applications},
  volume={3},
  pages={1723--1759},
  year={2002},
  publisher={Elsevier}
}
@book{gonzalez2013discrete,
  title={Discrete--time stochastic control and dynamic potential games: the Euler--Equation approach},
  author={Gonz{\'a}lez-S{\'a}nchez, David and Hern{\'a}ndez-Lerma, On{\'e}simo},
  year={2013},
  publisher={Springer Science \& Business Media}
}
@inproceedings{papadimitriou2005computing,
  title={Computing equilibria in multi-player games},
  author={Papadimitriou, Christos H and Roughgarden, Tim},
  booktitle={Proceedings of the sixteenth annual ACM-SIAM symposium on Discrete algorithms},
  pages={82--91},
  year={2005},
  organization={Society for Industrial and Applied Mathematics}
}
@article{saad2012game,
  title={Game-theoretic methods for the smart grid: An overview of microgrid systems, demand-side management, and smart grid communications},
  author={Saad, Walid and Han, Zhu and Poor, H Vincent and Basar, Tamer},
  journal={IEEE Signal Processing Magazine},
  volume={29},
  number={5},
  pages={86--105},
  year={2012},
  publisher={IEEE}
}
@article{buzzi2011potential,
  title={Potential games for energy-efficient power control and subcarrier allocation in uplink multicell OFDMA systems},
  author={Buzzi, Stefano and Colavolpe, Giulio and Saturnino, Daniela and Zappone, Alessio},
  journal={IEEE Journal of Selected Topics in Signal Processing},
  volume={6},
  number={2},
  pages={89--103},
  year={2011},
  publisher={IEEE}
}
@article{sandholm2001potential,
  title={Potential games with continuous player sets},
  author={Sandholm, William H},
  journal={Journal of Economic theory},
  volume={97},
  number={1},
  pages={81--108},
  year={2001},
  publisher={Elsevier}
}
@article{cardaliaguet2017learning,
  title={Learning in mean field games: the fictitious play},
  author={Cardaliaguet, Pierre and Hadikhanloo, Saeed},
  journal={ESAIM: Control, Optimisation and Calculus of Variations},
  volume={23},
  number={2},
  pages={569--591},
  year={2017},
  publisher={EDP Sciences}
}
@inproceedings{leslie2011equilibrium,
  title={Equilibrium selection in potential games with noisy rewards},
  author={Leslie, David S and Marden, Jason R},
  booktitle={International Conference on NETwork Games, Control and Optimization (NetGCooP 2011)},
  pages={1--4},
  year={2011},
  organization={IEEE}
}
@article{traulsen2009stochastic,
  title={Stochastic evolutionary game dynamics},
  author={Traulsen, Arne and Hauert, Christoph},
  journal={Reviews of nonlinear dynamics and complexity},
  volume={2},
  pages={25--61},
  year={2009},
  publisher={Wiley Online Library}
}
@book{bauso2016game,
  title={Game theory with engineering applications},
  author={Bauso, Dario},
  year={2016},
  publisher={SIAM}
}
@article{mguni2018duopoly,
  title={Duopoly Investment Problems with Minimally Bounded Adjustment Costs},
  author={Mguni, David},
  journal={arXiv preprint arXiv:1805.11974},
  year={2018}
}@inproceedings{wang2003reinforcement,
  title={Reinforcement learning to play an optimal Nash equilibrium in team Markov games},
  author={Wang, Xiaofeng and Sandholm, Tuomas},
  booktitle={Advances in neural information processing systems},
  pages={1603--1610},
  year={2003}
}
@inproceedings{ganzfried2009computing,
  title={Computing equilibria in multiplayer stochastic games of imperfect information},
  author={Ganzfried, Sam and Sandholm, Tuomas},
  booktitle={Twenty-First International Joint Conference on Artificial Intelligence},
  year={2009}
}
@book{breton2010advances,
  title={Advances in dynamic games: theory, applications, and numerical methods for differential and stochastic games},
  author={Breton, Mich{\`e}le and Szajowski, Krzysztof},
  volume={11},
  year={2010},
  publisher={Springer Science \& Business Media}
}
@article{papadimitriou1987complexity,
  title={The complexity of Markov decision processes},
  author={Papadimitriou, Christos H and Tsitsiklis, John N},
  journal={Mathematics of operations research},
  volume={12},
  number={3},
  pages={441--450},
  year={1987},
  publisher={INFORMS}
}
@article{conitzer2008new,
  title={New complexity results about Nash equilibria},
  author={Conitzer, Vincent and Sandholm, Tuomas},
  journal={Games and Economic Behavior},
  volume={63},
  number={2},
  pages={621--641},
  year={2008},
  publisher={Elsevier}
}
@book{young2004strategic,
  title={Strategic learning and its limits},
  author={Young, H Peyton},
  year={2004},
  publisher={OUP Oxford}}
@inproceedings{heliou2017learning,
  title={Learning with bandit feedback in potential games},
  author={Heliou, Am{\'e}lie and Cohen, Johanne and Mertikopoulos, Panayotis},
  booktitle={Advances in Neural Information Processing Systems},
  pages={6369--6378},
  year={2017}
}
@article{ritzberger2002foundations,
  title={Foundations of non-cooperative game theory},
  author={Ritzberger, Klaus and others},
  journal={OUP Catalogue},
  year={2002},
  publisher={Oxford University Press}
}
@article{fabiani2018distributed,
  title={A distributed passivity approach to AUV teams control in cooperating potential games},
  author={Fabiani, Filippo and Fenucci, Davide and Caiti, Andrea},
  journal={Ocean Engineering},
  volume={157},
  pages={152--163},
  year={2018},
  publisher={Elsevier}
}
@article{marden2009cooperative,
  title={Cooperative control and potential games},
  author={Marden, Jason R and Arslan, G{\"u}rdal and Shamma, Jeff S},
  journal={IEEE Transactions on Systems, Man, and Cybernetics, Part B (Cybernetics)},
  volume={39},
  number={6},
  pages={1393--1407},
  year={2009},
  publisher={IEEE}
}@inproceedings{scutari2006potential,
  title={Potential games: A framework for vector power control problems with coupled constraints},
  author={Scutari, Gesualdo and Barbarossa, Sergio and Palomar, Daniel P},
  booktitle={2006 IEEE International Conference on Acoustics Speech and Signal Processing Proceedings},
  volume={4},
  pages={IV--IV},
  year={2006},
  organization={IEEE}
}
@article{marden2012state,
  title={State based potential games},
  author={Marden, Jason R},
  journal={Automatica},
  volume={48},
  number={12},
  pages={3075--3088},
  year={2012},
  publisher={Elsevier}
}
@article{YU199532,
title = "A Game Strategy Approach for Image Labeling",
journal = "Computer Vision and Image Understanding",
volume = "61",
number = "1",
pages = "32 - 37",
year = "1995",
issn = "1077-3142",
doi = "https://doi.org/10.1006/cviu.1995.1003",
url = "http://www.sciencedirect.com/science/article/pii/S107731428571003X",
author = "S. Yu and M. Berthod"}
@article{zazo2015dynamic,
  title={Dynamic potential games in communications: Fundamentals and applications},
  author={Zazo, Santiago and Macua, Sergio Valcarcel and S{\'a}nchez-Fern{\'a}ndez, Matilde and Zazo, Javier},
  journal={arXiv preprint arXiv:1509.01313},
  year={2015}
}
@article{monderer1996potential,
  title={Potential games},
  author={Monderer, Dov and Shapley, Lloyd S},
  journal={Games and economic behavior},
  volume={14},
  number={1},
  pages={124--143},
  year={1996},
  publisher={Elsevier}
}
@article{leslie2006generalised,
  title={Generalised weakened fictitious play},
  author={Leslie, David S and Collins, Edmund J},
  journal={Games and Economic Behavior},
  volume={56},
  number={2},
  pages={285--298},
  year={2006},
  publisher={Elsevier}
}
@inproceedings{heinrich2015fictitious,
  title={Fictitious self-play in extensive-form games},
  author={Heinrich, Johannes and Lanctot, Marc and Silver, David},
  booktitle={International Conference on Machine Learning},
  pages={805--813},
  year={2015}
}
@article{bloembergen2015evolutionary,
  title={Evolutionary dynamics of multi-agent learning: A survey},
  author={Bloembergen, Daan and Tuyls, Karl and Hennes, Daniel and Kaisers, Michael},
  journal={Journal of Artificial Intelligence Research},
  volume={53},
  pages={659--697},
  year={2015}
}
@article{steinberg1983prevalence,
  title={The prevalence of Braess' paradox},
  author={Steinberg, Richard and Zangwill, Willard I},
  journal={Transportation Science},
  volume={17},
  number={3},
  pages={301--318},
  year={1983},
  publisher={INFORMS}
}
@article{ye2015multi,
  title={A multi-agent framework for packet routing in wireless sensor networks},
  author={Ye, Dayong and Zhang, Minjie and Yang, Yun},
  journal={sensors},
  volume={15},
  number={5},
  pages={10026--10047},
  year={2015},
  publisher={Multidisciplinary Digital Publishing Institute}
}
@article{cao2012overview,
  title={An overview of recent progress in the study of distributed multi-agent coordination},
  author={Cao, Yongcan and Yu, Wenwu and Ren, Wei and Chen, Guanrong},
  journal={IEEE Transactions on Industrial informatics},
  volume={9},
  number={1},
  pages={427--438},
  year={2012},
  publisher={IEEE}
}
@article{youn2008price,
  title={Price of anarchy in transportation networks: efficiency and optimality control},
  author={Youn, Hyejin and Gastner, Michael T and Jeong, Hawoong},
  journal={Physical review letters},
  volume={101},
  number={12},
  pages={128701},
  year={2008},
  publisher={APS}
}
@incollection{RoutingGames,
  author = "T. Roughgarden",
  title = "Routing Games",
  editor = "Noam Nisan and Tim Roughgarden and \'Eva Tardos and Vijay V. Vazirani",
  booktitle                    = "Algorithmic Game Theory",
  Publisher                = "Cambridge University Press",
  year                     = 2007,
  Address                  = "New York, NY, USA",
  pages = "461-486",
  chapter = "18"
}
@book{roughgarden2016twenty,
  title={Twenty lectures on algorithmic game theory},
  author={Roughgarden, Tim},
  year={2016},
  publisher={Cambridge University Press}
}
@article{roughgarden2007routing,
  title={Routing games},
  author={Roughgarden, Tim},
  journal={Algorithmic game theory},
  volume={18},
  pages={459--484},
  year={2007},
  publisher={Cambridge University Press Cambridge, MA}
}@book{la2016potential,
  title={Potential Game Theory},
  author={L{\~a}, Quang Duy and Chew, Yong Huat and Soong, Boon-Hee},
  year={2016},
  publisher={Springer}
}
@article{mguni2018optimal,
  title={Optimal Selection of Transaction Costs in a Dynamic Principal-Agent Problem},
  author={Mguni, David},
  journal={arXiv preprint arXiv:1805.01062},
  year={2018}
}
@article{shapley1953stochastic,
  title={Stochastic games},
  author={Shapley, Lloyd S},
  journal={Proceedings of the national academy of sciences},
  volume={39},
  number={10},
  pages={1095--1100},
  year={1953},
  publisher={National Acad Sciences}
}

@article{asadi2018lipschitz,
  title={Lipschitz continuity in model-based reinforcement learning},
  author={Asadi, Kavosh and Misra, Dipendra and Littman, Michael L},
  journal={arXiv preprint arXiv:1804.07193},
  year={2018}
}
@misc{zhang2019bilevel,
    title={Bi-level Actor-Critic for Multi-agent Coordination},
    author={Haifeng Zhang and Weizhe Chen and Zeren Huang and Minne Li and Yaodong Yang and Weinan Zhang and Jun Wang},
    year={2019},
    eprint={1909.03510},
    archivePrefix={arXiv},
    primaryClass={cs.MA}
}
@inproceedings{jain2011double,
  title={A double oracle algorithm for zero-sum security games on graphs},
  author={Jain, Manish and Korzhyk, Dmytro and Van{\v{e}}k, Ond{\v{r}}ej and Conitzer, Vincent and P{\v{e}}chou{\v{c}}ek, Michal and Tambe, Milind},
  booktitle={The 10th International Conference on Autonomous Agents and Multiagent Systems-Volume 1},
  pages={327--334},
  year={2011},
  organization={International Foundation for Autonomous Agents and Multiagent Systems}
}
@article{colson2007overview,
  title={An overview of bilevel optimization},
  author={Colson, Beno{\^\i}t and Marcotte, Patrice and Savard, Gilles},
  journal={Annals of operations research},
  volume={153},
  number={1},
  pages={235--256},
  year={2007},
  publisher={Springer}
}
@book{osborne1994course,
  title={A course in game theory},
  author={Osborne, Martin J and Rubinstein, Ariel},
  year={1994},
  publisher={MIT press}
}
@inproceedings{ceppi2011mechanism,
  title={Mechanism design for federated sponsored search auctions},
  author={Ceppi, Sofia and Gatti, Nicola and Gerding, Enrico Harm},
  booktitle={Twenty-Fifth AAAI Conference on Artificial Intelligence},
  year={2011}
}
@book{mas1995microeconomic,
  title={Microeconomic theory},
  author={Mas-Colell, Andreu and Whinston, Michael Dennis and Green, Jerry R and others},
  volume={1},
  year={1995},
  publisher={Oxford university press New York}
}
@inproceedings{yu2020expensive,
  title={Learning Expensive Coordination: An Event-Based Deep RL Approach},
  author={Yu, Runsheng and Wang, Xinrun  and Zhang, Youzhi and  Wang, Rundong and  An, Bo},
  booktitle={Proceedings of the 18th International Conference on Learning Representations},
  year={2020}
  }

@article{hill1979existence,
  title={On the existence of good Markov strategies},
  author={Hill, Theodore Preston},
  journal={Transactions of the American Mathematical Society},
  volume={247},
  pages={157--176},
  year={1979}
}
@inproceedings{dayan1993feudal,
  title={Feudal reinforcement learning},
  author={Dayan, Peter and Hinton, Geoffrey E},
  booktitle={Advances in neural information processing systems},
  pages={271--278},
  year={1993}
}
@inproceedings{makar2001hierarchical,
  title={Hierarchical multi-agent reinforcement learning},
  author={Makar, Rajbala and Mahadevan, Sridhar and Ghavamzadeh, Mohammad},
  booktitle={Proceedings of the fifth international conference on Autonomous agents},
  pages={246--253},
  year={2001},
  organization={ACM}
}
@article{barto2003recent,
  title={Recent advances in hierarchical reinforcement learning},
  author={Barto, Andrew G and Mahadevan, Sridhar},
  journal={Discrete event dynamic systems},
  volume={13},
  number={1-2},
  pages={41--77},
  year={2003},
  publisher={Springer}
}
@article{ghavamzadeh2006hierarchical,
  title={Hierarchical multi-agent reinforcement learning},
  author={Ghavamzadeh, Mohammad and Mahadevan, Sridhar and Makar, Rajbala},
  journal={Autonomous Agents and Multi-Agent Systems},
  volume={13},
  number={2},
  pages={197--229},
  year={2006},
  publisher={Springer}
}
@article{nisan2007introduction,
  title={Introduction to mechanism design (for computer scientists)},
  author={Nisan, Noam and others},
  journal={Algorithmic game theory},
  volume={9},
  pages={209--242},
  year={2007}
}
@article{kumar2017federated,
  title={Federated control with hierarchical multi-agent deep reinforcement learning},
  author={Kumar, Saurabh and Shah, Pararth and Hakkani-Tur, Dilek and Heck, Larry},
  journal={arXiv preprint arXiv:1712.08266},
  year={2017}
}
@inproceedings{tobin2017domain,
  title={Domain randomization for transferring deep neural networks from simulation to the real world},
  author={Tobin, Josh and Fong, Rachel and Ray, Alex and Schneider, Jonas and Zaremba, Wojciech and Abbeel, Pieter},
  booktitle={2017 IEEE/RSJ International Conference on Intelligent Robots and Systems (IROS)},
  pages={23--30},
  year={2017},
  organization={IEEE}
}
@inproceedings{tang2017reinforcement,
  title={Reinforcement mechanism design.},
  author={Tang, Pingzhong},
  booktitle={IJCAI},
  volume={17},
  pages={26--30},
  year={2017}
}
@article{kong2017revisiting,
  title={Revisiting the master-slave architecture in multi-agent deep reinforcement learning},
  author={Kong, Xiangyu and Xin, Bo and Liu, Fangchen and Wang, Yizhou},
  journal={arXiv preprint arXiv:1712.07305},
  year={2017}
}
@inproceedings{narvekar2017autonomous,
  title={Autonomous Task Sequencing for Customized Curriculum Design in Reinforcement Learning.},
  author={Narvekar, Sanmit and Sinapov, Jivko and Stone, Peter},
  booktitle={IJCAI},
  pages={2536--2542},
  year={2017}
}
@article{shu2018m,
  title={M\^{} 3RL: Mind-aware Multi-agent Management Reinforcement Learning},
  author={Shu, Tianmin and Tian, Yuandong},
  journal={arXiv preprint arXiv:1810.00147},
  year={2018}
}
@article{ahilan2019feudal,
  title={Feudal multi-agent hierarchies for cooperative reinforcement learning},
  author={Ahilan, Sanjeevan and Dayan, Peter},
  journal={arXiv preprint arXiv:1901.08492},
  year={2019}
}
@article{mguniefficient,
  title={Efficient Reinforcement Dynamic Mechanism Design},
  author={Mguni, David and Tomczak, Marcin},
  year={2019},
  journal={Adaptive and Learning Agents Workshop}
}
@misc{highway-env,
  author = {Leurent, Edouard},
  title = {An Environment for Autonomous Driving Decision-Making},
  year = {2018},
  publisher = {GitHub},
  journal = {GitHub repository},
  howpublished = {\url{https://github.com/eleurent/highway-env}},
}