@article{adolph2020pandemic,
  title={Pandemic Politics: Timing State-Level Social Distancing Responses to COVID-19},
  author={Adolph, Christopher and Amano, Kenya and Bang-Jensen, Bree and Fullman, Nancy and Wilkerson, John},
  journal={medRxiv},
  year={2020},
  publisher={Cold Spring Harbor Laboratory Press}
}

@article{prem2020effect,
  title={The effect of control strategies to reduce social mixing on outcomes of the COVID-19 epidemic in Wuhan, China: a modelling study},
  author={Prem, Kiesha and Liu, Yang and Russell, Timothy W and Kucharski, Adam J and Eggo, Rosalind M and Davies, Nicholas and Flasche, Stefan and Clifford, Samuel and Pearson, Carl AB and Munday, James D and others},
  journal={The Lancet Public Health},
  year={2020},
  publisher={Elsevier}
}

@article{flaxman2020estimating,
  title={Estimating the number of infections and the impact of non-pharmaceutical interventions on COVID-19 in 11 European countries},
  author={Flaxman, Seth and Mishra, Swapnil and Gandy, Axel and Unwin, H and Coupland, H and Mellan, T and Zhu, H and Berah, T and Eaton, J and Perez Guzman, P and others},
  year={2020}
}
@article{murrayteam2020forecast,
	title={Forecasting COVID-19 impact on hospital bed-days, ICU-days, ventilator days and deaths by US state in the next 4 months},
	author={Murray, C.J.L.},
	journal={MedRxiv preprint},
	year={2020},
	doi={https://doi.org/10.1101/2020.03.27.20043752}
}

@article {lewnard2020incidence,
	author = {Lewnard, Joseph A and Liu, Vincent X and Jackson, Michael L and Schmidt, Mark A and Jewell, Britta L and Flores, Jean P and Jentz, Chris and Northrup, Graham R and Mahmud, Ayesha and Reingold, Arthur L and Petersen, Maya and Jewell, Nicholas P and Young, Scott and Bellows, Jim},
	title = {Incidence, clinical outcomes, and transmission dynamics of hospitalized 2019 coronavirus disease among 9,596,321 individuals residing in California and Washington, United States: a prospective cohort study},
	elocation-id = {2020.04.12.20062943},
	year = {2020},
	doi = {10.1101/2020.04.12.20062943},
	publisher = {Cold Spring Harbor Laboratory Press},
	URL = {https://www.medrxiv.org/content/early/2020/04/16/2020.04.12.20062943},
	eprint = {https://www.medrxiv.org/content/early/2020/04/16/2020.04.12.20062943.full.pdf},
	journal = {medRxiv}
}

@article{hethcote2000mathematics,
  title={The mathematics of infectious diseases},
  author={Hethcote, Herbert W},
  journal={SIAM review},
  volume={42},
  number={4},
  pages={599--653},
  year={2000},
  publisher={SIAM}
}

@article{wu2020estimating,
  title={Estimating clinical severity of COVID-19 from the transmission dynamics in Wuhan, China},
  author={Wu, Joseph T and Leung, Kathy and Bushman, Mary and Kishore, Nishant and Niehus, Rene and de Salazar, Pablo M and Cowling, Benjamin J and Lipsitch, Marc and Leung, Gabriel M},
  journal={Nature medicine},
  pages={1--5},
  year={2020},
  publisher={Nature Publishing Group}
}

@article{zhou2020clinical,
  title={Clinical course and risk factors for mortality of adult inpatients with COVID-19 in Wuhan, China: a retrospective cohort study},
  author={Zhou, Fei and Yu, Ting and Du, Ronghui and Fan, Guohui and Liu, Ying and Liu, Zhibo and Xiang, Jie and Wang, Yeming and Song, Bin and Gu, Xiaoying and others},
  journal={The Lancet},
  year={2020},
  publisher={Elsevier}
}
@article{lauer2020incubation,
  title={The Incubation Period of Coronavirus Disease 2019 (COVID-19) From Publicly Reported Confirmed Cases: Estimation and Application},
  author={Lauer, Stephen A and Grantz, Kyra H and Bi, Qifang and Jones, Forrest K and Zheng, Qulu and Meredith, Hannah R and Azman, Andrew S and Reich, Nicholas G and Lessler, Justin},
  journal={Annals of Internal Medicine},
  year={2020}
}
@article{ho2018direct,
  title={Direct likelihood-based inference for discretely observed stochastic compartmental models of infectious disease},
  author={Ho, Lam Si Tung and Crawford, Forrest W and Suchard, Marc A and others},
  journal={The Annals of Applied Statistics},
  volume={12},
  number={3},
  pages={1993--2021},
  year={2018},
  publisher={Institute of Mathematical Statistics}
}
@article{lai2020early,
  title={Early phylogenetic estimate of the effective reproduction number of SARS-CoV-2},
  author={Lai, Alessia and Bergna, Annalisa and Acciarri, Carla and Galli, Massimo and Zehender, Gianguglielmo},
  journal={Journal of medical virology},
  year={2020},
  publisher={Wiley Online Library}
}
@article{ziff2020fractal,
  title={Fractal kinetics of Covid-19 pandemics (with update 3/1/20)},
  author={Ziff, Anna L and Ziff, Robert M},
  journal={MedRxiv preprint},
  year={2020}
}
@article{li2020substantial,
  title={Substantial undocumented infection facilitates the rapid dissemination of novel coronavirus (SARS-CoV2)},
  author={Li, Ruiyun and Pei, Sen and Chen, Bin and Song, Yimeng and Zhang, Tao and Yang, Wan and Shaman, Jeffrey},
  journal={Science},
  year={2020},
  publisher={American Association for the Advancement of Science}
}
@article{ferguson2020impact,
  title={Impact of non-pharmaceutical interventions (NPIs) to reduce COVID-19 mortality and healthcare demand},
  author={Ferguson, Neil M and Laydon, Daniel and Nedjati-Gilani, Gemma and Imai, Natsuko and Ainslie, Kylie and Baguelin, Marc and Bhatia, Sangeeta and Boonyasiri, Adhiratha and Cucunub{\'a}, Zulma and Cuomo-Dannenburg, Gina and others},
  journal={London: Imperial College COVID-19 Response Team, March},
  volume={16},
  year={2020}
}
@article {verity2020estimates,
	author = {Verity, Robert and Okell, Lucy C and Dorigatti, Ilaria and Winskill, Peter and Whittaker, Charles and Imai, Natsuko and Cuomo-Dannenburg, Gina and Thompson, Hayley and Walker, Patrick and Fu, Han and Dighe, Amy and Griffin, Jamie and Cori, Anne and Baguelin, Marc and Bhatia, Sangeeta and Boonyasiri, Adhiratha and Cucunuba, Zulma M and Fitzjohn, Rich and Gaythorpe, Katy A M and Green, Will and Hamlet, Arran and Hinsley, Wes and Laydon, Daniel and Nedjati-Gilani, Gemma and Riley, Steven and van-Elsand, Sabine and Volz, Erik and Wang, Haowei and Wang, Yuanrong and Xi, Xiayoue and Donnelly, Christl and Ghani, Azra and Ferguson, Neil},
	title = {Estimates of the severity of COVID-19 disease},
	year={2020},
	doi={10.1101/2020.03.09.20033357},
	publisher={Cold Spring Harbor Laboratory Press},
    url= {https://www.medrxiv.org/content/early/2020/03/13/2020.03.09.20033357},
	journal={medRxiv}
}
@article{gaythorpe2020report,
    title={Report 8: Symptom progression of COVID-19},
    author={Gaythorpe, Katy and Imai, Natsuko, and Cuomo-Dannenburg, Gina}
    year={2020},
    url={https://doi.org/10.25561/77344}
}
@article{yang2020clinical,
  title={Clinical course and outcomes of critically ill patients with SARS-CoV-2 pneumonia in Wuhan, China: a single-centered, retrospective, observational study},
  author={Yang, Xiaobo and Yu, Yuan and Xu, Jiqian and Shu, Huaqing and Liu, Hong and Wu, Yongran and Zhang, Lu and Yu, Zhui and Fang, Minghao and Yu, Ting and others},
  journal={The Lancet Respiratory Medicine},
  year={2020},
  publisher={Elsevier}
}
@article{xu2020clinical,
  title={Clinical findings in a group of patients infected with the 2019 novel coronavirus (SARS-Cov-2) outside of Wuhan, China: retrospective case series},
  author={Xu, Xiao-Wei and Wu, Xiao-Xin and Jiang, Xian-Gao and Xu, Kai-Jin and Ying, Ling-Jun and Ma, Chun-Lian and Li, Shi-Bo and Wang, Hua-Ying and Zhang, Sheng and Gao, Hai-Nv and others},
  journal={BMJ},
  volume={368},
  year={2020},
  publisher={British Medical Journal Publishing Group}
}
@article{zhao2020estimating,
  title={Estimating the unreported number of novel coronavirus (2019-nCoV) cases in China in the first half of January 2020: a data-driven Modelling analysis of the early outbreak},
  author={Zhao, Shi and Musa, Salihu S and Lin, Qianying and Ran, Jinjun and Yang, Guangpu and Wang, Weiming and Lou, Yijun and Yang, Lin and Gao, Daozhou and He, Daihai and others},
  journal={Journal of clinical medicine},
  volume={9},
  number={2},
  pages={388},
  year={2020},
  publisher={Multidisciplinary Digital Publishing Institute}
}
@misc{kraemer2020epidemiological,
  title={Epidemiological data from the nCoV-2019 Outbreak: Early Descriptions from Publicly Available Data},
  author={Kraemer, M and Pigott, D and Xu, B and Hill, S and Gutierrez, B and Pybus, O},
  year={2020},
  url={http://virological.org/t/epidemiological-data-from-the-ncov-2019-outbreak-early-descriptions-from-publicly-available-data/337}
}
@article{riou2020adjusted,
  title={Adjusted age-specific case fatality ratio during the COVID-19 epidemic in Hubei, China, January and February 2020},
  author={Riou, Julien and Hauser, Anthony and Counotte, Michel J and Althaus, Christian L},
  journal={medRxiv},
  year={2020},
  publisher={Cold Spring Harbor Laboratory Press}
}
@article{russell2020estimating,
  title={Estimating the infection and case fatality ratio for COVID-19 using age-adjusted data from the outbreak on the Diamond Princess cruise ship},
  author={Russell, Timothy W and Hellewell, Joel and Jarvis, Christopher I and van-Zandvoort, Kevin and Abbott, Sam and Ratnayake, Ruwan and Flasche, Stefan and Eggo, Rosalind M and Kucharski, Adam J and CMMID nCov working group},
  journal={medRxiv},
  year={2020},
  publisher={Cold Spring Harbor Laboratory Press}
}
@article{perkins2020estimating,
  title={Estimating unobserved SARS-CoV-2 infections in the United States},
  author={Perkins, Alex and Cavany, Sean M and Moore, Sean M and Oidtman, Rachel J and Lerch, Anita and Poterek, Marya},
  journal={medRxiv},
  year={2020},
  publisher={Cold Spring Harbor Laboratory Press}
}
@article{wu2020estimating,
  title={Estimating clinical severity of COVID-19 from the transmission dynamics in Wuhan, China},
  author={Wu, Joseph T and Leung, Kathy and Bushman, Mary and Kishore, Nishant and Niehus, Rene and de Salazar, Pablo M and Cowling, Benjamin J and Lipsitch, Marc and Leung, Gabriel M},
  journal={Nature Medicine},
  pages={1--5},
  year={2020},
  publisher={Nature Publishing Group}
}
@article{li2020early,
  title={Early transmission dynamics in Wuhan, China, of novel coronavirus--infected pneumonia},
  author={Li, Qun and Guan, Xuhua and Wu, Peng and Wang, Xiaoye and Zhou, Lei and Tong, Yeqing and Ren, Ruiqi and Leung, Kathy SM and Lau, Eric HY and Wong, Jessica Y and others},
  journal={New England Journal of Medicine},
  year={2020},
  publisher={Mass Medical Soc}
}
@article{haario2001adaptive,
  title={An adaptive Metropolis algorithm},
  author={Haario, Heikki and Saksman, Eero and Tamminen, Johanna and others},
  journal={Bernoulli},
  volume={7},
  number={2},
  pages={223--242},
  year={2001},
  publisher={Bernoulli Society for Mathematical Statistics and Probability}
}

@article{JordanCFR,
	title = {On the Bias Arising from Relative Time Lag in COVID-19 CaseFatality Rate Estimation},
	author={Anastasios Nikolas Angelopoulos and Reese Pathak and Rohit Varmaand Michael I. Jordan},
	year={2020}
	}

	
	
@article{weissman2020locally,
  title={Locally Informed Simulation to Predict Hospital Capacity Needs During the COVID-19 Pandemic},
  author={Weissman, Gary E and Crane-Droesch, Andrew and Chivers, Corey and Luong, ThaiBinh and Hanish, Asaf and Levy, Michael Z and Lubken, Jason and Becker, Michael and Draugelis, Michael E and Anesi, George L and others},
  journal={Annals of Internal Medicine},
  year={2020}
}


@article {Bendavid2020.04.14.20062463,
	author = {Bendavid, Eran and Mulaney, Bianca and Sood, Neeraj and Shah, Soleil and Ling, Emilia and Bromley-Dulfano, Rebecca and Lai, Cara and Weissberg, Zoe and Saavedra, Rodrigo and Tedrow, James and Tversky, Dona and Bogan, Andrew and Kupiec, Thomas and Eichner, Daniel and Gupta, Ribhav and Ioannidis, John and Bhattacharya, Jay},
	title = {COVID-19 Antibody Seroprevalence in Santa Clara County, California},
	elocation-id = {2020.04.14.20062463},
	year = {2020},
	doi = {10.1101/2020.04.14.20062463},
	publisher = {Cold Spring Harbor Laboratory Press},
	URL = {https://www.medrxiv.org/content/early/2020/04/17/2020.04.14.20062463},
	eprint = {https://www.medrxiv.org/content/early/2020/04/17/2020.04.14.20062463.full.pdf},
	journal = {medRxiv}
}
