@inproceedings{FinnAL17,
	author    = {Chelsea Finn and
	Pieter Abbeel and
	Sergey Levine},
	title     = {Model-Agnostic Meta-Learning for Fast Adaptation of Deep Networks},
	booktitle = {Proceedings of the 34th International Conference on Machine Learning,
	{ICML} 2017, Sydney, NSW, Australia, 6-11 August 2017},
	pages     = {1126--1135},
	year      = {2017},
	url       = {http://proceedings.mlr.press/v70/finn17a.html},
	timestamp = {Wed, 29 May 2019 08:41:45 +0200},
	biburl    = {https://dblp.org/rec/bib/conf/icml/FinnAL17},
	bibsource = {dblp computer science bibliography, https://dblp.org}
}
@inproceedings{dosovitskiy2014discriminative,
	title={Discriminative unsupervised feature learning with convolutional neural networks},
	author={Dosovitskiy, Alexey and Springenberg, Jost Tobias and Riedmiller, Martin and Brox, Thomas},
	booktitle={Advances in neural information processing systems},
	pages={766--774},
	year={2014}
}
@inproceedings{gidaris2018unsupervised,
	title={Unsupervised Representation Learning by Predicting Image Rotations},
	author={Gidaris, Spyros and Singh, Praveer and Komodakis, Nikos},
	booktitle={International Conference on Learning Representations},
	year={2018}
}
@inproceedings{elsken2018efficient,
	title={Efficient Multi-Objective Neural Architecture Search via Lamarckian Evolution},
	author={Elsken, Thomas and Metzen, Jan Hendrik and Hutter, Frank},
	booktitle={International Conference on Learning Representations},
	year={2018}
}
@article{van2014multi,
	title={Multi-objective reinforcement learning using sets of pareto dominating policies},
	author={Van Moffaert, Kristof and Now{\'e}, Ann},
	journal={The Journal of Machine Learning Research},
	volume={15},
	number={1},
	pages={3483--3512},
	year={2014},
	publisher={JMLR. org}
}
@inproceedings{hernandez2016predictive,
	title={Predictive entropy search for multi-objective bayesian optimization},
	author={Hern{\'a}ndez-Lobato, Daniel and Hernandez-Lobato, Jose and Shah, Amar and Adams, Ryan},
	booktitle={International Conference on Machine Learning},
	pages={1492--1501},
	year={2016}
}
@inproceedings{zuluaga2013active,
	title={Active learning for multi-objective optimization},
	author={Zuluaga, Marcela and Sergent, Guillaume and Krause, Andreas and P{\"u}schel, Markus},
	booktitle={International Conference on Machine Learning},
	pages={462--470},
	year={2013}
}
@inproceedings{carlucci2019domain,
	title={Domain generalization by solving jigsaw puzzles},
	author={Carlucci, Fabio M and D'Innocente, Antonio and Bucci, Silvia and Caputo, Barbara and Tommasi, Tatiana},
	booktitle={Proceedings of the IEEE Conference on Computer Vision and Pattern Recognition},
	pages={2229--2238},
	year={2019}
}
@inproceedings{zhai2019s4l,
	title={S4l: Self-supervised semi-supervised learning},
	author={Zhai, Xiaohua and Oliver, Avital and Kolesnikov, Alexander and Beyer, Lucas},
	booktitle={Proceedings of the IEEE international conference on computer vision},
	pages={1476--1485},
	year={2019}
}
@inproceedings{caron2019unsupervised,
	title={Unsupervised pre-training of image features on non-curated data},
	author={Caron, Mathilde and Bojanowski, Piotr and Mairal, Julien and Joulin, Armand},
	booktitle={Proceedings of the IEEE International Conference on Computer Vision},
	pages={2959--2968},
	year={2019}
}
@inproceedings{doersch2015unsupervised,
	title={Unsupervised visual representation learning by context prediction},
	author={Doersch, Carl and Gupta, Abhinav and Efros, Alexei A},
	booktitle={Proceedings of the IEEE international conference on computer vision},
	pages={1422--1430},
	year={2015}
}
@inproceedings{he2020momentum,
	title={Momentum contrast for unsupervised visual representation learning},
	author={He, Kaiming and Fan, Haoqi and Wu, Yuxin and Xie, Saining and Girshick, Ross},
	booktitle={Proceedings of the IEEE/CVF Conference on Computer Vision and Pattern Recognition},
	pages={9729--9738},
	year={2020}
}
@inproceedings{bojanowski2017unsupervised,
	title={Unsupervised learning by predicting Noise},
	author={Bojanowski, Piotr and Joulin, Armand},
	booktitle={Proceedings of the 34th International Conference on Machine Learning-Volume 70},
	pages={517--526},
	year={2017}
}
@inproceedings{pathak2016context,
	title={Context encoders: Feature learning by inpainting},
	author={Pathak, Deepak and Krahenbuhl, Philipp and Donahue, Jeff and Darrell, Trevor and Efros, Alexei A},
	booktitle={Proceedings of the IEEE conference on computer vision and pattern recognition},
	pages={2536--2544},
	year={2016}
}
@inproceedings{zhang2017split,
	title={Split-brain autoencoders: Unsupervised learning by cross-channel prediction},
	author={Zhang, Richard and Isola, Phillip and Efros, Alexei A},
	booktitle={Proceedings of the IEEE Conference on Computer Vision and Pattern Recognition},
	pages={1058--1067},
	year={2017}
}
@inproceedings{SnellSZ17,
	author    = {Jake Snell and
	Kevin Swersky and
	Richard S. Zemel},
	title     = {Prototypical Networks for Few-shot Learning},
	booktitle = {Advances in Neural Information Processing Systems 30: Annual Conference
	on Neural Information Processing Systems 2017, 4-9 December 2017,
	Long Beach, CA, {USA}},
	pages     = {4077--4087},
	year      = {2017},
	url       = {http://papers.nips.cc/paper/6996-prototypical-networks-for-few-shot-learning},
	timestamp = {Tue, 23 Jul 2019 12:44:35 +0200},
	biburl    = {https://dblp.org/rec/bib/conf/nips/SnellSZ17},
	bibsource = {dblp computer science bibliography, https://dblp.org}
}

@inproceedings{Duan2017One,
	title = {One-Shot Imitation Learning},
	author = {Duan, Yan and Andrychowicz, Marcin and Stadie, Bradly and Jonathan Ho, OpenAI and Schneider, Jonas and Sutskever, Ilya and Abbeel, Pieter and Zaremba, Wojciech},
	booktitle = {Advances in Neural Information Processing Systems (NIPS)},
	pages = {1087--1098},
	year = {2017},
}