@String(PAMI  = {IEEE TPAMI})
@String(IJCV  = {IJCV})
@String(CVPR  = {CVPR})
@String(ICCV  = {ICCV})
@String(ECCV  = {ECCV})
@String(NIPS  = {NeurIPS})
@String(ICPR  = {ICPR})
@String(BMVC  =	{BMVC})
@String(TOG   = {ACM TOG})
@String(TIP   = {IEEE TIP})
@String(TVCG  = {IEEE TVCG})
@String(TCSVT = {IEEE TCSVT})
@String(TMM   =	{IEEE TMM})
@String(ACMMM = {ACM MM})
@String(ICME  =	{ICME})
@String(ICASSP=	{ICASSP})
@String(ICIP  = {ICIP})
@String(ACCV  = {ACCV})
@String(ICLR  = {ICLR})
@String(IJCAI = {IJCAI})
@String(PR = {PR})
@String(AAAI = {AAAI})
@String(CVPRW= {CVPRW})
@String(CSVT = {IEEE TCSVT})



@String(PAMI = {IEEE Trans. Pattern Anal. Mach. Intell.})
@String(IJCV = {Int. J. Comput. Vis.})
@String(CVPR= {IEEE Conf. Comput. Vis. Pattern Recog.})
@String(ICCV= {Int. Conf. Comput. Vis.})
@String(ECCV= {Eur. Conf. Comput. Vis.})
@String(NIPS= {Adv. Neural Inform. Process. Syst.})
@String(ICPR = {Int. Conf. Pattern Recog.})
@String(BMVC= {Brit. Mach. Vis. Conf.})
@String(TOG= {ACM Trans. Graph.})
@String(TIP  = {IEEE Trans. Image Process.})
@String(TVCG  = {IEEE Trans. Vis. Comput. Graph.})
@String(TMM  = {IEEE Trans. Multimedia})
@String(ACMMM= {ACM Int. Conf. Multimedia})
@String(ICME = {Int. Conf. Multimedia and Expo})
@String(ICASSP=	{ICASSP})
@String(ICIP = {IEEE Int. Conf. Image Process.})
@String(ACCV  = {ACCV})
@String(ICLR = {Int. Conf. Learn. Represent.})
@String(IJCAI = {IJCAI})
@String(PR   = {Pattern Recognition})
@String(AAAI = {AAAI})
@String(CVPRW= {IEEE Conf. Comput. Vis. Pattern Recog. Worksh.})
@String(CSVT = {IEEE Trans. Circuit Syst. Video Technol.})

@String(SPL	= {IEEE Sign. Process. Letters})
@String(VR   = {Vis. Res.})
@String(JOV	 = {J. Vis.})
@String(TVC  = {The Vis. Comput.})
@String(JCST  = {J. Comput. Sci. Tech.})
@String(CGF  = {Comput. Graph. Forum})
@String(CVM = {Computational Visual Media})


@inproceedings{yu20143d,
  title={3d reconstruction from accidental motion},
  author={Yu, Fisher and Gallup, David},
  booktitle={Proceedings of the IEEE Conference on Computer Vision and Pattern Recognition},
  pages={3986--3993},
  year={2014}
}

@article{joshi2014micro,
  title={Micro-baseline stereo},
  author={Joshi, Neel and Zitnick, C Lawrence},
  journal={Technical Report MSR-TR-2014--73},
  pages={8},
  year={2014}
}

@article{wronski2019handheld,
  title={Handheld multi-frame super-resolution},
  author={Wronski, Bartlomiej and Garcia-Dorado, Ignacio and Ernst, Manfred and Kelly, Damien and Krainin, Michael and Liang, Chia-Kai and Levoy, Marc and Milanfar, Peyman},
  journal={ACM Transactions on Graphics (TOG)},
  volume={38},
  number={4},
  pages={1--18},
  year={2019},
  publisher={ACM New York, NY, USA}
}

@inproceedings{schonberger2016structure,
  title={Structure-from-motion revisited},
  author={Schonberger, Johannes L and Frahm, Jan-Michael},
  booktitle={Proceedings of the IEEE conference on computer vision and pattern recognition},
  pages={4104--4113},
  year={2016}
}

@article{delbracio2021mobile,
  title={Mobile Computational Photography: A Tour},
  author={Delbracio, Mauricio and Kelly, Damien and Brown, Michael S and Milanfar, Peyman},
  journal={arXiv preprint arXiv:2102.09000},
  year={2021}
}

@inproceedings{ranftl2021vision,
  title={Vision transformers for dense prediction},
  author={Ranftl, Ren{\'e} and Bochkovskiy, Alexey and Koltun, Vladlen},
  booktitle={Proceedings of the IEEE/CVF International Conference on Computer Vision},
  pages={12179--12188},
  year={2021}
}

@inproceedings{tankovich2021hitnet,
  title={Hitnet: Hierarchical iterative tile refinement network for real-time stereo matching},
  author={Tankovich, Vladimir and Hane, Christian and Zhang, Yinda and Kowdle, Adarsh and Fanello, Sean and Bouaziz, Sofien},
  booktitle={Proceedings of the IEEE/CVF Conference on Computer Vision and Pattern Recognition},
  pages={14362--14372},
  year={2021}
}

@article{ranftl2019towards,
  title={Towards robust monocular depth estimation: Mixing datasets for zero-shot cross-dataset transfer},
  author={Ranftl, Ren{\'e} and Lasinger, Katrin and Hafner, David and Schindler, Konrad and Koltun, Vladlen},
  journal={arXiv preprint arXiv:1907.01341},
  year={2019}
}

@article{shamsafar2021mobilestereonet,
  title={MobileStereoNet: Towards Lightweight Deep Networks for Stereo Matching},
  author={Shamsafar, Faranak and Woerz, Samuel and Rahim, Rafia and Zell, Andreas},
  journal={arXiv preprint arXiv:2108.09770},
  year={2021}
}

@inproceedings{mildenhall2020nerf,
  title={Nerf: Representing scenes as neural radiance fields for view synthesis},
  author={Mildenhall, Ben and Srinivasan, Pratul P and Tancik, Matthew and Barron, Jonathan T and Ramamoorthi, Ravi and Ng, Ren},
  booktitle={European conference on computer vision},
  pages={405--421},
  year={2020},
  organization={Springer}
}

@inproceedings{park2021nerfies,
  title={Nerfies: Deformable neural radiance fields},
  author={Park, Keunhong and Sinha, Utkarsh and Barron, Jonathan T and Bouaziz, Sofien and Goldman, Dan B and Seitz, Steven M and Martin-Brualla, Ricardo},
  booktitle={Proceedings of the IEEE/CVF International Conference on Computer Vision},
  pages={5865--5874},
  year={2021}
}

@article{pandey2021total,
  title={Total relighting: learning to relight portraits for background replacement},
  author={Pandey, Rohit and Escolano, Sergio Orts and Legendre, Chloe and Haene, Christian and Bouaziz, Sofien and Rhemann, Christoph and Debevec, Paul and Fanello, Sean},
  journal={ACM Transactions on Graphics (TOG)},
  volume={40},
  number={4},
  pages={1--21},
  year={2021},
  publisher={ACM New York, NY, USA}
}

@article{callenberg2021low,
  title={Low-cost SPAD sensing for non-line-of-sight tracking, material classification and depth imaging},
  author={Callenberg, Clara and Shi, Zheng and Heide, Felix and Hullin, Matthias B},
  journal={ACM Transactions on Graphics (TOG)},
  volume={40},
  number={4},
  pages={1--12},
  year={2021},
  publisher={ACM New York, NY, USA}
}

@book{dong2017lidar,
  title={LiDAR remote sensing and applications},
  author={Dong, Pinliang and Chen, Qi},
  year={2017},
  publisher={CRC Press}
}

@article{li2018critical,
  title={A critical review of virtual and augmented reality (VR/AR) applications in construction safety},
  author={Li, Xiao and Yi, Wen and Chi, Hung-Lin and Wang, Xiangyu and Chan, Albert PC},
  journal={Automation in Construction},
  volume={86},
  pages={150--162},
  year={2018},
  publisher={Elsevier}
}

@article{gerup2020augmented,
  title={Augmented reality and mixed reality for healthcare education beyond surgery: an integrative review},
  author={Gerup, Jaris and Soerensen, Camilla B and Dieckmann, Peter},
  journal={International journal of medical education},
  volume={11},
  pages={1},
  year={2020},
  publisher={IJME}
}

@article{tsai1984multiframe,
  title={Multiframe image restoration and registration},
  author={Tsai, R},
  journal={Advance Computer Visual and Image Processing},
  volume={1},
  pages={317--339},
  year={1984}
}

@article{durrant2006simultaneous,
  title={Simultaneous localization and mapping: part I},
  author={Durrant-Whyte, Hugh and Bailey, Tim},
  journal={IEEE robotics \& automation magazine},
  volume={13},
  number={2},
  pages={99--110},
  year={2006},
  publisher={IEEE}
}

@inproceedings{bao2019depth,
  title={Depth-aware video frame interpolation},
  author={Bao, Wenbo and Lai, Wei-Sheng and Ma, Chao and Zhang, Xiaoyun and Gao, Zhiyong and Yang, Ming-Hsuan},
  booktitle={Proceedings of the IEEE/CVF Conference on Computer Vision and Pattern Recognition},
  pages={3703--3712},
  year={2019}
}

@article{sitzmann2020implicit,
  title={Implicit neural representations with periodic activation functions},
  author={Sitzmann, Vincent and Martel, Julien and Bergman, Alexander and Lindell, David and Wetzstein, Gordon},
  journal={Advances in Neural Information Processing Systems},
  volume={33},
  year={2020}
}

@article{zhang2018high,
  title={High-speed 3D shape measurement with structured light methods: A review},
  author={Zhang, Song},
  journal={Optics and Lasers in Engineering},
  volume={106},
  pages={119--131},
  year={2018},
  publisher={Elsevier}
}

@inproceedings{scharstein2003high,
  title={High-accuracy stereo depth maps using structured light},
  author={Scharstein, Daniel and Szeliski, Richard},
  booktitle={2003 IEEE Computer Society Conference on Computer Vision and Pattern Recognition, 2003. Proceedings.},
  volume={1},
  pages={I--I},
  year={2003},
  organization={IEEE}
}

@article{cova1996avalanche,
  title={Avalanche photodiodes and quenching circuits for single-photon detection},
  author={Cova, Sergio and Ghioni, Massimo and Lacaita, Andrea and Samori, Carlo and Zappa, Franco},
  journal={Applied optics},
  volume={35},
  number={12},
  pages={1956--1976},
  year={1996},
  publisher={Optical Society of America}
}

@article{sun2019single,
  title={Single image portrait relighting.},
  author={Sun, Tiancheng and Barron, Jonathan T and Tsai, Yun-Ta and Xu, Zexiang and Yu, Xueming and Fyffe, Graham and Rhemann, Christoph and Busch, Jay and Debevec, Paul E and Ramamoorthi, Ravi},
  journal={ACM Trans. Graph.},
  volume={38},
  number={4},
  pages={79--1},
  year={2019}
}

@inproceedings{zhang2021bts,
  title={BTS-Net: Bi-Directional Transfer-And-Selection Network for RGB-D Salient Object Detection},
  author={Zhang, Wenbo and Jiang, Yao and Fu, Keren and Zhao, Qijun},
  booktitle={2021 IEEE International Conference on Multimedia and Expo (ICME)},
  pages={1--6},
  year={2021},
  organization={IEEE}
}

@article{fan2020rethinking,
  title={Rethinking RGB-D salient object detection: Models, data sets, and large-scale benchmarks},
  author={Fan, Deng-Ping and Lin, Zheng and Zhang, Zhao and Zhu, Menglong and Cheng, Ming-Ming},
  journal={IEEE Transactions on neural networks and learning systems},
  volume={32},
  number={5},
  pages={2075--2089},
  year={2020},
  publisher={IEEE}
}

@article{schwarz2018rgb,
  title={RGB-D object detection and semantic segmentation for autonomous manipulation in clutter},
  author={Schwarz, Max and Milan, Anton and Periyasamy, Arul Selvam and Behnke, Sven},
  journal={The International Journal of Robotics Research},
  volume={37},
  number={4-5},
  pages={437--451},
  year={2018},
  publisher={SAGE Publications Sage UK: London, England}
}

@article{zhuang2021semantic,
  title={Semantic part segmentation method based 3D object pose estimation with RGB-D images for bin-picking},
  author={Zhuang, Chungang and Wang, Zhe and Zhao, Heng and Ding, Han},
  journal={Robotics and Computer-Integrated Manufacturing},
  volume={68},
  pages={102086},
  year={2021},
  publisher={Elsevier}
}

@inproceedings{schops2019bad,
  title={Bad slam: Bundle adjusted direct rgb-d slam},
  author={Schops, Thomas and Sattler, Torsten and Pollefeys, Marc},
  booktitle={Proceedings of the IEEE/CVF Conference on Computer Vision and Pattern Recognition},
  pages={134--144},
  year={2019}
}

@article{mur2017orb,
  title={Orb-slam2: An open-source slam system for monocular, stereo, and rgb-d cameras},
  author={Mur-Artal, Raul and Tard{\'o}s, Juan D},
  journal={IEEE transactions on robotics},
  volume={33},
  number={5},
  pages={1255--1262},
  year={2017},
  publisher={IEEE}
}

@article{lange20003d,
  title={3D time-of-flight distance measurement with custom solid-state image sensors in CMOS/CCD-technology},
  author={Lange, Robert},
  year={2000}
}

@article{mccarthy2009long,
  title={Long-range time-of-flight scanning sensor based on high-speed time-correlated single-photon counting},
  author={McCarthy, Aongus and Collins, Robert J and Krichel, Nils J and Fern{\'a}ndez, Ver{\'o}nica and Wallace, Andrew M and Buller, Gerald S},
  journal={Applied optics},
  volume={48},
  number={32},
  pages={6241--6251},
  year={2009},
  publisher={Optical Society of America}
}

@inproceedings{warren2018low,
  title={Low-divergence high-power VCSEL arrays for lidar application},
  author={Warren, Mial E and Podva, David and Dacha, Preethi and Block, Matthew K and Helms, Christopher J and Maynard, John and Carson, Richard F},
  booktitle={Vertical-Cavity Surface-Emitting Lasers XXII},
  volume={10552},
  pages={105520E},
  year={2018},
  organization={International Society for Optics and Photonics}
}

@inproceedings{sinha2007multi,
  title={Multi-view stereo via graph cuts on the dual of an adaptive tetrahedral mesh},
  author={Sinha, Sudipta N and Mordohai, Philippos and Pollefeys, Marc},
  booktitle={2007 IEEE 11th International Conference on Computer Vision},
  pages={1--8},
  year={2007},
  organization={IEEE}
}

@article{furukawa2009accurate,
  title={Accurate, dense, and robust multiview stereopsis},
  author={Furukawa, Yasutaka and Ponce, Jean},
  journal={IEEE transactions on pattern analysis and machine intelligence},
  volume={32},
  number={8},
  pages={1362--1376},
  year={2009},
  publisher={IEEE}
}

@inproceedings{galliani2015massively,
  title={Massively parallel multiview stereopsis by surface normal diffusion},
  author={Galliani, Silvano and Lasinger, Katrin and Schindler, Konrad},
  booktitle={Proceedings of the IEEE International Conference on Computer Vision},
  pages={873--881},
  year={2015}
}

@inproceedings{yao2018mvsnet,
  title={Mvsnet: Depth inference for unstructured multi-view stereo},
  author={Yao, Yao and Luo, Zixin and Li, Shiwei and Fang, Tian and Quan, Long},
  booktitle={Proceedings of the European Conference on Computer Vision (ECCV)},
  pages={767--783},
  year={2018}
}

@article{lipson2021raft,
  title={RAFT-Stereo: Multilevel Recurrent Field Transforms for Stereo Matching},
  author={Lipson, Lahav and Teed, Zachary and Deng, Jia},
  journal={arXiv preprint arXiv:2109.07547},
  year={2021}
}

@inproceedings{godard2019digging,
  title={Digging into self-supervised monocular depth estimation},
  author={Godard, Cl{\'e}ment and Mac Aodha, Oisin and Firman, Michael and Brostow, Gabriel J},
  booktitle={Proceedings of the IEEE/CVF International Conference on Computer Vision},
  pages={3828--3838},
  year={2019}
}

@article{fonder2021m4depth,
  title={M4Depth: A motion-based approach for monocular depth estimation on video sequences},
  author={Fonder, Micha{\"e}l and Ernst, Damien and Van Droogenbroeck, Marc},
  journal={arXiv preprint arXiv:2105.09847},
  year={2021}
}

@article{luo2020consistent,
  title={Consistent video depth estimation},
  author={Luo, Xuan and Huang, Jia-Bin and Szeliski, Richard and Matzen, Kevin and Kopf, Johannes},
  journal={ACM Transactions on Graphics (TOG)},
  volume={39},
  number={4},
  pages={71--1},
  year={2020},
  publisher={ACM New York, NY, USA}
}

@inproceedings{watson2021temporal,
  title={The Temporal Opportunist: Self-Supervised Multi-Frame Monocular Depth},
  author={Watson, Jamie and Mac Aodha, Oisin and Prisacariu, Victor and Brostow, Gabriel and Firman, Michael},
  booktitle={Proceedings of the IEEE/CVF Conference on Computer Vision and Pattern Recognition},
  pages={1164--1174},
  year={2021}
}

@article{ullman1979interpretation,
  title={The interpretation of structure from motion},
  author={Ullman, Shimon},
  journal={Proceedings of the Royal Society of London. Series B. Biological Sciences},
  volume={203},
  number={1153},
  pages={405--426},
  year={1979},
  publisher={The Royal Society London}
}

@inproceedings{ha2016high,
  title={High-quality depth from uncalibrated small motion clip},
  author={Ha, Hyowon and Im, Sunghoon and Park, Jaesik and Jeon, Hae-Gon and Kweon, In So},
  booktitle={Proceedings of the IEEE conference on computer vision and pattern Recognition},
  pages={5413--5421},
  year={2016}
}

@article{im2018accurate,
  title={Accurate 3d reconstruction from small motion clip for rolling shutter cameras},
  author={Im, Sunghoon and Ha, Hyowon and Choe, Gyeongmin and Jeon, Hae-Gon and Joo, Kyungdon and Kweon, In So},
  journal={IEEE transactions on pattern analysis and machine intelligence},
  volume={41},
  number={4},
  pages={775--787},
  year={2018},
  publisher={IEEE}
}


@book{10.5555/861369,
author = {Hartley, Richard and Zisserman, Andrew},
title = {Multiple View Geometry in Computer Vision},
year = {2003},
isbn = {0521540518},
publisher = {Cambridge University Press},
address = {USA},
edition = {2},
abstract = {From the Publisher:A basic problem in computer vision is to understand the structure of a real world scene given several images of it. Recent major developments in the theory and practice of scene reconstruction are described in detail in a unified framework. The book covers the geometric principles and how to represent objects algebraically so they can be computed and applied. The authors provide comprehensive background material and explain how to apply the methods and implement the algorithms directly.}
}

@article{arun1987least,
  title={Least-squares fitting of two 3-D point sets},
  author={Arun, K Somani and Huang, Thomas S and Blostein, Steven D},
  journal={IEEE Transactions on pattern analysis and machine intelligence},
  number={5},
  pages={698--700},
  year={1987},
  publisher={IEEE}
}

@article{hornik1989multilayer,
  title={Multilayer feedforward networks are universal approximators},
  author={Hornik, Kurt and Stinchcombe, Maxwell and White, Halbert},
  journal={Neural networks},
  volume={2},
  number={5},
  pages={359--366},
  year={1989},
  publisher={Elsevier}
}


@article{zhang2021consistent,
  title={Consistent depth of moving objects in video},
  author={Zhang, Zhoutong and Cole, Forrester and Tucker, Richard and Freeman, William T and Dekel, Tali},
  journal={ACM Transactions on Graphics (TOG)},
  volume={40},
  number={4},
  pages={1--12},
  year={2021},
  publisher={ACM New York, NY, USA}
}

@article{chen2021mvsnerf,
  title={MVSNeRF: Fast Generalizable Radiance Field Reconstruction from Multi-View Stereo},
  author={Chen, Anpei and Xu, Zexiang and Zhao, Fuqiang and Zhang, Xiaoshuai and Xiang, Fanbo and Yu, Jingyi and Su, Hao},
  journal={arXiv preprint arXiv:2103.15595},
  year={2021}
}


@article{kingma2014adam,
  title={Adam: A method for stochastic optimization},
  author={Kingma, Diederik P and Ba, Jimmy},
  journal={arXiv preprint arXiv:1412.6980},
  year={2014}
}

@article{deng2021depth,
  title={Depth-supervised nerf: Fewer views and faster training for free},
  author={Deng, Kangle and Liu, Andrew and Zhu, Jun-Yan and Ramanan, Deva},
  journal={arXiv preprint arXiv:2107.02791},
  year={2021}
}




@article{martel2021acorn,
  title={ACORN: Adaptive Coordinate Networks for Neural Scene Representation},
  author={Martel, Julien NP and Lindell, David B and Lin, Connor Z and Chan, Eric R and Monteiro, Marco and Wetzstein, Gordon},
  journal={arXiv preprint arXiv:2105.02788},
  year={2021}
}


% end ilya, begin citation mess %%%%%%%%%%%%%%%%%%%%%%%%%%%%%%%%%%%%%%%%%%%%%%%%%%%%%%%%%%%%%%%%%%%%%%%%%%%%%%%%%%%%%%%%%%%%%%%%%%%%%%%%%%%%%%%%%%%%%%%%%%%%%%%%%%%%%%%%%%%%%%%%%%%%%%%%%%%%%%%%%%%%%%%%%%%%%%%%%%%%%%%%%%%%%%%%%%%%%%%%%%%%%%%%%%%%%%%%%%%%%%%%%%%%%%%%%%%%%%%%%%%%%%%%%%%%%%%%%%%%%%%%%%%%%%%%%%%%%%%%%%%%%%%%%%%%%%%%%%%%%%%%%%%%%%%%%%%%%%%%%%%%%%%%%%%%%%%%%%%%%%%%%%%%%%%%%%%%%%%%%%%%%%%%%%%%%%%%%%%%%%%%%%%%%%%%%%%%%%%%%%%%%%%%%%%%%%%%%%%%%%%%%%%%%%%%%%%%%%%%%%%%%%%%%%%%%%%%%%%%%%%%%%%%%%%%%%%%%%%%


@article{Cai:2020, title={Monocular 3D Object Detection with Decoupled Structured Polygon Estimation and Height-Guided Depth Estimation}, 
volume={34}, url={https://ojs.aaai.org/index.php/AAAI/article/view/6618}, DOI={10.1609/aaai.v34i07.6618}, 
number={07}, journal={Proceedings of the AAAI Conference on Artificial Intelligence}, 
author={Cai, Yingjie and Li, Buyu and Jiao, Zeyu and Li, Hongsheng and Zeng, Xingyu and Wang, Xiaogang}, year={2020}, month={Apr.}, pages={10478-10485} }

@article{achar2017epipolar,
  title={Epipolar time-of-flight imaging},
  author={Achar, Supreeth and Bartels, Joseph R. and Whittaker, William L. and Kutulakos, Kiriakos N. and Narasimhan, Srinivasa G.},
  journal=ToG,
  volume={36},
  number={4},
  pages={37},
  year={2017},
}

@article{adam2017bayesian,
  title={Bayesian time-of-flight for realtime shape, illumination and albedo},
  author={Adam, Amit and Dann, Christoph and Yair, Omer and Mazor, Shai and Nowozin, Sebastian},
  journal=TPAMI,
  volume={39},
  number={5},
  pages={851--864},
  year={2017},
}

@article{Andersson2006,
author = {Andersson, Pierre},
issn = {0091-3286},
journal = OE,
number = {3},
pages = {034301},
title = {Long-range three-dimensional imaging using range-gated laser radar images},
volume = {45},
year = {2006}
}

inproceedings{Angus2018,
    author = {Matt Angus and Mohamed ElBalkini and Samin Khan and Ali Harakeh and Oles Andrienko and Cody Reading and Steven Waslander and Krzysztof Czarnecki},
    title = {Unlimited Road-scene Synthetic Annotation (URSA) Dataset},
    booktitle = ITSC,
    year = {2018}
}

@article{aull2002geiger,
  title={Geiger-mode avalanche photodiodes for three-dimensional imaging},
  author={Aull, Brian F. and Loomis, Andrew H. and Young, Douglas J. and Heinrichs, Richard M. and Felton, Bradley J. and Daniels, Peter J. and Landers, Deborah J.},
  journal=LLJ,
  volume={13},
  number={2},
  pages={335--349},
  year={2002}
}

article{badrinarayanan2015segnet,
  title={Segnet: A deep convolutional encoder-decoder architecture for image segmentation},
  author={Badrinarayanan, Vijay and Kendall, Alex and Cipolla, Roberto},
  journal={arXiv preprint arXiv:1511.00561},
  year={2015}
}

inproceedings{Bijelic2018,
author = {Bijelic, Mario and Gruber, Tobias and Ritter, Werner},
booktitle = IV,
title = {Benchmarking Image Sensors Under Adverse Weather Conditions for Autonomous Driving},
year = {2018}
}

INPROCEEDINGS{Blanksby1997, 
author={A. J. Blanksby and M. J. Loinaz and D. A. Inglis and B. D. Ackland}, 
booktitle={International Electron Devices Meeting. IEDM Technical Digest}, 
title={Noise performance of a color {CMOS} photogate image sensor}, 
year={1997}, 
pages={205--208}, 
month=dec,}

@article{bronzi2016automotive,
  title={Automotive three-dimensional vision through a single-photon counting {SPAD} camera},
  author={Bronzi, Danilo and Zou, Yu and Villa, Federica and Tisa, Simone and Tosi, Alberto and Zappa, Franco},
  journal=TITS,
  volume={17},
  number={3},
  pages={782--795},
  year={2016},
}

@article{Busck2004,
author = {Busck, Jens and Heiselberg, Henning},
journal = AO,
number = {24},
pages = {4705--10},
title = {Gated viewing and high-accuracy three-dimensional laser radar},
volume = {43},
year = {2004}
}

@article{Busck2005,
author = {Busck, Jens},
journal = OE,
title = {Underwater {3-D} optical imaging with a gated viewing laser radar},
year = {2005}
}

@inproceedings{Chang2018,
	title={Pyramid Stereo Matching Network},
	author={Chang, Jia-Ren and Chen, Yong-Sheng},
	booktitle=CVPR,
	pages={5410--5418},
	year={2018}
}

@article{Charles2017,
     title={Frustum pointnets for 3d object detection from rgb-d data},
       author={Qi, Charles R and Liu, Wei and Wu, Chenxia and Su, Hao and Guibas, Leonidas J},
       booktitle=CVPR,
       pages={918--927},
       year={2018}
}

@inproceedings{Chen2016,
  title={Single-image depth perception in the wild},
  author={Chen, Weifeng and Fu, Zhao and Yang, Dawei and Deng, Jia},
  booktitle=NIPS,
  pages={730--738},
  year={2016}
}

@article{Chen2018b,
	title={Rethinking monocular depth estimation with adversarial training},
	author={Chen, Richard and Mahmood, Faisal and Yuille, Alan and Durr, Nicholas J},
	journal={arXiv preprint arXiv:1808.07528},
	year={2018}
}

article{chen2018learning,
	title={Learning single-image depth from videos using quality assessment networks},
	author={Chen, Weifeng and Deng, Jia},
	journal={arXiv preprint arXiv:1806.09573},
	year={2018}
}

@article{chen2018estimating,
	title={Estimating Depth from {RGB} and Sparse Sensing},
	author={Chen, Zhao and Badrinarayanan, Vijay and Drozdov, Gilad and Rabinovich, Andrew},
	journal=ECCV,
	month=sep,
	year={2018}
}

inproceedings{Chen:2018,
  title={Learning to See in the Dark},
  author={Chen Chen, Qifeng Chen, Jia Xu and Vladlen Koltun},
  booktitle = CVPR,
  year={2018}
}

article{Chua2016,
author = {Chua, S. Y. and Wang, X. and Guo, N. and Tan, C. S. and Chai, T. Y. and Seet, G. L.},
issn = {19902573},
journal = {Journal of the European Optical Society},
title = {Improving three-dimensional ({3D}) range gated reconstruction through time-of-flight ({TOF}) imaging analysis},
volume = {11},
year = {2016}
}

@article{coates:68,
  author={Coates, Patricia},
  title={The correction for photon `pile-up' in the measurement of radiative lifetimes},
  journal={Journal of Physics E: Scientific Instruments},
  volume={1},
  number={8},
  pages={878},
  year={1968},
}

misc{Courreges2015,
	title = {{GTAV} - Graphics study},
	author = {Adrian Courr\`{e}ges},
	howpublished = {http://www.adriancourreges.com/blog/2015/11/02/gta-v-graphics-study/}
}

article{Dhamo2018,
author = {Dhamo, Helisa and Tateno, Keisuke and Laina, Iro and Navab, Nassir and Tombari, Federico},
title = {Peeking Behind Objects: Layered Depth Prediction from a Single Image},
url = {http://arxiv.org/abs/1807.08776},
year = {2018}
}

inproceedings{Dosovitskiy2017,
  title = {{CARLA}: An Open Urban Driving Simulator},
  author = {Alexey Dosovitskiy and German Ros and Felipe Codevilla and Antonio Lopez and Vladlen Koltun},
  booktitle = {Proceedings of the 1st Annual Conference on Robot Learning},
  pages = {1--16},
  year = {2017}
}

article{Driggers2003,
author = {Driggers, Ronald G.},
isbn = {0091-3286},
issn = {0091-3286},
journal = OE,
number = {3},
pages = {738},
title = {Impact of speckle on laser range-gated shortwave infrared imaging system target identification performance},
volume = {42},
year = {2003}
}

@inproceedings{eigen2014depth,
  title={Depth map prediction from a single image using a multi-scale deep network},
  author={Eigen, David and Puhrsch, Christian and Fergus, Rob},
  booktitle=NIPS,
  pages={2366--2374},
  year={2014}
}

misc{Everony,
	title = {{VAutodrive}},
	author = {Osmone Everony},
	howpublished = {https://de.gta5-mods.com/scripts/vautodrive}
}

@article{Foi2008,
author = {Foi, Alessandro and Trimeche, Mejdi and Katkovnik, Vladimir and Egiazarian, Karen},
journal = TIP,
number = {10},
pages = {1737--1754},
title = {Practical Poissonian-Gaussian noise modeling and fitting for single-image raw-data},
volume = {17},
year = {2008}
}

article{Fournier1993,
author = {Fournier, Georges R. and Bonnier, Deni and Forand, J. Luc and Pace, Paul W.},
isbn = {0091-3286},
issn = {00913286},
journal = OE,
number = {9},
pages = {2185},
title = {Range-gated underwater laser imaging system},
volume = {32},
year = {1993}
}


    
Supplement
@inproceedings{Gaidon2016,
    author = {Gaidon, Adrien and Wang, Qiao and Cabon, Yohann and Vig, Eleonora},
    title = {Virtual Worlds as Proxy for Multi-Object Tracking Analysis},
    booktitle = CVPR,
    year = {2016}
}

@InProceedings{Garg2016,
author= {Garg, Ravi and Kumar, B.G. Vijay and Carneiro, Gustavo and Reid, Ian},
title={Unsupervised {CNN} for Single View Depth Estimation: Geometry to the Rescue},
booktitle=ECCV,
year={2016},
pages={740--756},
}

@inproceedings{geiger2012we,
  title={Are we ready for autonomous driving? the kitti vision benchmark suite},
  author={Geiger, Andreas and Lenz, Philip and Urtasun, Raquel},
  booktitle=CVPR,
  pages={3354--3361},
  year={2012},
}

@inproceedings{Godard2017,
  title={Unsupervised monocular depth estimation with left-right consistency},
  author={Godard, Cl{\'e}ment and Mac Aodha, Oisin and Brostow, Gabriel J},
  booktitle=CVPR,
  year={2017}
}

article{Gohler2017,
author = {G{\"{o}}hler, Benjamin and Lutzmann, Peter},
isbn = {9781510613324},
journal = {SPIE Electro-Optical Remote Sensing XI},
pages = {22},
title = {Super-resolution depth information from a shortwave infrared laser-gated viewing system by using correlated double sampling},
volume = {10434},
year = {2017}
}

@book{Goodfellow2016,
title={Deep Learning},
author={Ian Goodfellow and Yoshua Bengio and Aaron Courville},
publisher={MIT Press},
note={\url{www.deeplearningbook.org}},
year={2016},
isbn={978-0262035613}
}

@article{grauer2014active,
  title={Active gated imaging in driver assistance system},
  author={Grauer, Yoav},
  journal={Advanced Optical Technologies},
  volume={3},
  number={2},
  pages={151--160},
  year={2014},
  publisher={De Gruyter}
}

techreport{Guo2018,
author = {Guo, Xiaoyang and Li, Hongsheng and Yi, Shuai and Ren, Jimmy and Wang, Xiaogang},
title = {Learning Monocular Depth by Distilling Cross-domain Stereo Networks},
url = {http://arxiv.org/abs/1808.06586},
year = {2018}
}

@book{hansard2012time,
  title={Time-of-flight cameras: principles, methods and applications},
  author={Hansard, Miles and Lee, Seungkyu and Choi, Ouk and Horaud, Radu Patrice},
  year={2012},
  publisher={Springer Science \& Business Media}
}

@book{hartley2003multiple,
  title={Multiple view geometry in computer vision},
  author={Hartley, Richard and Zisserman, Andrew},
  year={2003},
  publisher={Cambridge university press}
}

article{He2004,
author = {He, Duo-Min},
issn = {0091-3286},
journal = OE,
number = {3},
pages = {754},
title = {Underwater lidar imaging scaled by 22.5 cm/ns with serial targets},
volume = {43},
year = {2004}
}

article{He2018,
author = {He, Lei and Wang, Guanghui and Hu, Zhanyi},
journal = TIP,
number = {9},
pages = {4676--4689},
title = {Learning depth from single images with deep neural network embedding focal length},
volume = {27},
year = {2018}
}

@article{Heckman1967,
author = {Heckman, Paul and Hodgson, Robert T.},
issn = {15581713},
journal = JQE,
number = {11},
pages = {445--448},
title = {Underwater Optical Range Gating},
volume = {3},
year = {1967}
}

article{heide2013low,
  title={Low-budget transient imaging using photonic mixer devices},
  author={Heide, Felix and Hullin, Matthias B and Gregson, James and Heidrich, Wolfgang},
  journal=ToG,
  volume={32},
  number={4},
  pages={45},
  year={2013},
}

@article{heide2015doppler,
  title={Doppler time-of-flight imaging},
  author={Heide, Felix and Heidrich, Wolfgang and Hullin, Matthias and Wetzstein, Gordon},
  journal=ToG,
  volume={34},
  number={4},
  pages={36},
  year={2015},
}

InProceedings{Hernandez2017,
author = {Hernandez-Juarez, Daniel and Schneider, Lukas and Espinosa, Antonio and Vazquez, David and Lopez, Antonio M. and Franke, Uwe and Pollefeys, Marc and Moure, Juan Carlos},
title = {Slanted Stixels: Representing San Francisco’s Steepest Streets},
booktitle = BMVC,
year = {2017}
}

@inproceedings{hickson2014efficient,
  title={Efficient hierarchical graph-based segmentation of {RGBD} videos},
  author={Hickson, Steven and Birchfield, Stan and Essa, Irfan and Christensen, Henrik},
  booktitle=CVPR,
  pages={344--351},
  year={2014}
}

@article{Hirschmuller2008, 
author={Hirschmuller, Heiko}, 
journal=TPAMI, 
title={Stereo Processing by Semiglobal Matching and Mutual Information}, 
year={2008}, 
volume={30}, 
number={2}, 
pages={328--341},  
month=feb,}

article{Hornik1989,
author = {Hornik, Kurt and Stinchcombe, Maxwell and White, Halbert},
issn = {0893-6080},
journal = {Neural Networks},
keywords = {Feedforward networks},
number = {5},
pages = {359--366},
title = {Multilayer feedforward networks are universal approximators},
volume = {2},
year = {1989}
}

article{Hu2018,
author = {Hu, Junjie and Ozay, Mete and Zhang, Yan and Okatani, Takayuki},
title = {Revisiting Single Image Depth Estimation: Toward Higher Resolution Maps with Accurate Object Boundaries},
year = {2018}
}

patent{Inbar2008,
author = {Inbar, S and David, Ofer},
nationality = {US},
number = {US7379164B2},
year = {2008},
day = {27},
month = may,
publisher = {Google Patents},
title = {Laser gated camera imaging system and method},
}

@inproceedings{pix2pix2016,
  title={Image-to-Image Translation with Conditional Adversarial Networks},
  author={Isola, Phillip and Zhu, Jun-Yan and Zhou, Tinghui and Efros, Alexei A},
  booktitle =CVPR,
  year={2016}
}

@inproceedings{izadi2011kinectfusion,
  title={KinectFusion: real-time {3D} reconstruction and interaction using a moving depth camera},
  author={Izadi, Shahram and Kim, David and Hilliges, Otmar and Molyneaux, David and Newcombe, Richard and Kohli, Pushmeet and Shotton, Jamie and Hodges, Steve and Freeman, Dustin and Davison, Andrew and others},
  booktitle={Proceedings of the 24th annual ACM symposium on User interface software and technology},
  pages={559--568},
  year={2011},
}

@inproceedings{jaritz2018sparse,
	title={Sparse and dense data with cnns: Depth completion and semantic segmentation},
	author={Jaritz, Maximilian and De Charette, Raoul and Wirbel, Emilie and Perrotton, Xavier and Nashashibi, Fawzi},
	booktitle=ThreeDV,
	pages={52--60},
	year={2018},
}

@article{Ku2019Monocular3O,
  title={Monocular 3D Object Detection Leveraging Accurate Proposals and Shape Reconstruction},
  author={Jason Ku and Alex D. Pon and Steven L. Waslander},
  journal={2019 IEEE/CVF Conference on Computer Vision and Pattern Recognition (CVPR)},
  year={2019},
  pages={11859-11868}
}

article{Jin2009,
author = {Jin, Chenfei and Sun, Xiudong and Zhao, Yuan and Zhang, Yong and Liu, Liping},
journal = OL,
keywords = {1100110,1106880,OCIS codes},
number = {22},
pages = {3550--3552},
title = {Gain-modulated three-dimensional active imaging with depth-independent depth accuracy},
volume = {34},
year = {2009}
}

Supplement
@inproceedings{Johnson-Roberson2017,
	Author = {Matthew Johnson-Roberson and Charles Barto and Rounak Mehta and Sharath Nittur Sridhar and Karl Rosaen and Ram Vasudevan},
	Booktitle = ICRA,
	Pages = {1--8},
	Title = {Driving in the Matrix: Can Virtual Worlds Replace Human-Generated Annotations for Real World Tasks?},
	Year = {2017}
}

article{kadambi2013sparsedeconvolution,
  title={Coded time of flight cameras: sparse deconvolution to address multipath interference and recover time profiles},
  author={Kadambi, Achuta and Whyte, Refael and Bhandari, Ayush and Streeter, Lee and Barsi, Christopher and Dorrington, Adrian and Raskar, Ramesh},
  journal=ToG,
  volume={32},
  number={6},
  pages={167},
  year={2013},
  publisher={ACM}
} 

misc{Karlsson2018,
	title = {{RenderDoc}},
	author = {Baldur Karlsson},
	howpublished = {http://renderdoc.org},
}

@inproceedings{Kendall2017,
	title={End-to-End Learning of Geometry and Context for Deep Stereo Regression},
	author={Kendall, Alex and Martirosyan, Hayk and Dasgupta, Saumitro and Henry, Peter and Kennedy, Ryan and Bachrach, Abraham and Bry, Adam},
	booktitle = ICCV,
	year={2017}
}

misc{Kennedy,
	title = {How to Create an Infrared Effect in Photoshop},
	author = {Megan Kennedy},
	howpublished = {https://digital-photography-school.com/create-infrared-effect-photoshop}
}

@article{koenderink1991affine,
  title={Affine structure from motion},
  author={Koenderink, Jan J. and Van Doorn, Andrea J.},
  journal={Journal of the Optical Society of America A},
  volume={8},
  number={2},
  pages={377--385},
  year={1991},
  month = feb,
}

@inproceedings{kolb2010time,
  title={Time-of-flight cameras in computer graphics},
  author={Kolb, Andreas and Barth, Erhardt and Koch, Reinhard and Larsen, Rasmus},
  booktitle={Computer Graphics Forum},
  volume={29},
  pages={141--159},
  year={2010},
  organization={Wiley Online Library}
}

@inproceedings{Kuznietsov2017,
author = {Kuznietsov, Yevhen and St{\"{u}}ckler, J{\"{o}}rg and Leibe, Bastian},
booktitle = CVPR,
pages = {2215--2223},
title = {Semi-supervised deep learning for monocular depth map prediction},
year = {2017}
}

@inproceedings{Laina2016,
	title={Deeper depth prediction with fully convolutional residual networks},
	author={Laina, Iro and Rupprecht, Christian and Belagiannis, Vasileios and Tombari, Federico and Navab, Nassir},
	booktitle=ThreeDV,
	pages={239--248},
	year={2016},
}

@article{lange00tof,
  author = {Robert Lange},
  title = {{3D} time-of-flight distance measurement with custom solid-state image sensors in {CMOS}/{CCD}-technology},
  year = {2000},
}

@article{Laurenzis2007,
author = {Laurenzis, Martin and Christnacher, Frank and Monnin, David},
journal = OL,
number = {21},
pages = {3146--8},
title = {Long-range three-dimensional active imaging with superresolution depth mapping},
volume = {32},
year = {2007}
}

@inproceedings{Laurenzis2009,
author = {Laurenzis, Martin and Christnacher, Frank and Metzger, Nicolas and Bacher, Emmanuel and Zielenski, Ingo},
booktitle = {SPIE Infrared Technology and Applications XXXV},
title = {Three-dimensional range-gated imaging at infrared wavelengths with super-resolution depth mapping},
volume = {7298},
year = {2009}
}

@inproceedings{lin2017focal,
  title={Focal loss for dense object detection},
  author={Lin, Tsung-Yi and Goyal, Priya and Girshick, Ross and He, Kaiming and Doll{\'a}r, Piotr},
  booktitle=CVPR,
  pages={2980--2988},
  year={2017}
}

@InProceedings{lin:2014,
author="Lin, Tsung-Yi
and Maire, Michael
and Belongie, Serge
and Hays, James
and Perona, Pietro
and Ramanan, Deva
and Doll{\'a}r, Piotr
and Zitnick, C. Lawrence",
editor="Fleet, David
and Pajdla, Tomas
and Schiele, Bernt
and Tuytelaars, Tinne",
title="Microsoft COCO: Common Objects in Context",
booktitle="Computer Vision -- ECCV 2014",
year="2014",
publisher="Springer International Publishing",
address="Cham",
pages="740--755",
isbn="978-3-319-10602-1"
}

ARTICLE{Liu2016, 
	author={F. Liu and C. Shen and G. Lin and I. Reid}, 
	journal=TPAMI, 
	title={Learning Depth from Single Monocular Images Using Deep Convolutional Neural Fields}, 
	year={2016}, 
	volume={38}, 
	number={10}, 
	pages={2024--2039}, 
	month=oct,
}

@inproceedings{liu2016ssd,
  title={Ssd: Single shot multibox detector},
  author={Liu, Wei and Anguelov, Dragomir and Erhan, Dumitru and Szegedy, Christian and Reed, Scott and Fu, Cheng-Yang and Berg, Alexander C},
  booktitle=ECCV,
  pages={21--37},
  year={2016},
  organization={Springer}
}

@inproceedings{ma2018sparse,
	title={Sparse-to-dense: Depth prediction from sparse depth samples and a single image},
	author={Ma, Fangchang and Karaman, Sertac},
	booktitle=ICRA,
	year={2018},
	pages={1--8},
}

@inproceedings{ma2018self,
	title={Self-supervised Sparse-to-Dense: Self-supervised Depth Completion from LiDAR and Monocular Camera},
	author={Ma, Fangchang and Cavalheiro, Guilherme Venturelli and Karaman, Sertac},
	booktitle=ICRA,
	year={2019}
}

@inproceedings{Mao:2017,
  author = {Xudong Mao and Qing Li and Haoran Xie and Raymond Y.K. Lau and Zhen Wang and Stephen Paul Smolley},
  title = {Least Squares Generative Adversarial Networks},
  booktitle = ICCV,
  year = 2017
}

InProceedings{Mayer2016,
  author    = {N. Mayer and E. Ilg and P. H{\"a}usser and P. Fischer and D. Cremers and A. Dosovitskiy and T. Brox},
  title     = {A Large Dataset to Train Convolutional Networks for Disparity, Optical Flow, and Scene Flow Estimation},
  booktitle = CVPR,
  year      = {2016},
}

Supplement
@article{More1984, 
author={Jorge J. Moré and Danny C. Sorensen and Kenneth E. Hillstrom and and Burton S. Garbow}, 
journal={Sources and Development of Mathematical Software}, 
title={The {MINPACK} Project}, 
year={1984}, 
}

@InProceedings{Newcombe_2015_CVPR,
author = {Newcombe, Richard A. and Fox, Dieter and Seitz, Steven M.},
title = {{DynamicFusion}: Reconstruction and Tracking of Non-Rigid Scenes in Real-Time},
booktitle = CVPR,
month = jun,
year = {2015}
}

@incollection{ni2013rgbd,
  title={{RGBD-HuDaAct}: A color-depth video database for human daily activity recognition},
  author={Ni, Bingbing and Wang, Gang and Moulin, Pierre},
  booktitle={Consumer Depth Cameras for Computer Vision},
  pages={193--208},
  year={2013},
  publisher={Springer}
}

@article{niclass2005design,
  title={Design and characterization of a {CMOS} {3-D} image sensor based on single photon avalanche diodes},
  author={Niclass, Cristiano and Rochas, Alexis and Besse, P-A and Charbon, Edoardo},
  journal={IEEE Journal of Solid-State Circuits},
  volume={40},
  number={9},
  pages={1847--1854},
  year={2005},
}

@article{otoole2014temporal,
  title={Temporal frequency probing for {5D} transient analysis of global light transport},
  author={O'Toole, Matthew and Heide, Felix and Xiao, Lei and Hullin, Matthias B and Heidrich, Wolfgang and Kutulakos, Kiriakos N},
  journal=ToG,
  volume={33},
  number={4},
  pages={87},
  year={2014},
  publisher={ACM}
} 

@article{o2012primal,
  title={Primal-dual coding to probe light transport},
  author={O'Toole, Matthew and Raskar, Ramesh and Kutulakos, Kiriakos N},
  journal=ToG,
  volume={31},
  number={4},
  pages={39--1},
  year={2012}
}


@inproceedings{pilzer2018unsupervised,
	title={Unsupervised Adversarial Depth Estimation using Cycled Generative Networks},
	author={Pilzer, Andrea and Xu, Dan and Puscas, Mihai and Ricci, Elisa and Sebe, Nicu},
	booktitle=ThreeDV,
	pages={587--595},
	year={2018},
}

article{Poggi2018,
author = {Poggi, Matteo and Tosi, Fabio and Mattoccia, Stefano},
title = {Learning monocular depth estimation with unsupervised trinocular assumptions},
url = {http://arxiv.org/abs/1808.01606},
year = {2018}
}

InProceedings{Qian:2018,
author = {Qian, Rui and Tan, Robby T. and Yang, Wenhan and Su, Jiajun and Liu, Jiaying},
title = {Attentive Generative Adversarial Network for Raindrop Removal From a Single Image},
booktitle = CVPR,
month = jun,
year = {2018}
}

@inproceedings{Ramirez2018,
	title     = {Geometry meets semantics for semi-supervised monocular depth estimation},
	author    = {Zama Ramirez, Pierluigi and Poggi, Matteo and Tosi, Fabio and Mattoccia, Stefano and Di Stefano, Luigi},
	booktitle = ACCV,
	year = {2018}
}

@InProceedings{Richter2017,
            title = {Playing for Benchmarks},
            author = {Stephan R. Richter and Zeeshan Hayder and Vladlen Koltun},
            booktitle = ICCV,
            pages = {2232--2241},
            year = {2017},         
        }

Supplement        
@InProceedings{Richter2016,
author = {Stephan R. Richter and Vibhav Vineet and Stefan Roth and Vladlen Koltun},
title = {Playing for Data: Ground Truth from Computer Games},
booktitle = ECCV,
year = {2016},
series = {LNCS}, 
volume = {9906}, 
publisher = {Springer International Publishing},
pages = {102--118}
}

@article{rochas2003first,
  title={First fully integrated {2-D} array of single-photon detectors in standard {CMOS} technology},
  author={Rochas, Alexis and G\"{o}sch, Michael and Serov, Alexandre and Besse, Pierre-Andr\'{e} and Popovic, Rade S. and Lasser, Theo and Rigler, Rudolf},
  journal={IEEE Photonics Technology Letters},
  volume={15},
  number={7},
  pages={963--965},
  year={2003},
}

@inproceedings{ronneberger2015u,
  title={U-net: Convolutional networks for biomedical image segmentation},
  author={Ronneberger, Olaf and Fischer, Philipp and Brox, Thomas},
  booktitle={International Conference on Medical image computing and computer-assisted intervention},
  pages={234--241},
  year={2015},
  organization={Springer}
}

Supplement
@InProceedings{Ros2016,
author = {Ros, German and Sellart, Laura and Materzynska, Joanna and Vazquez, David and Lopez, Antonio M.},
title = {The {SYNTHIA} Dataset: A Large Collection of Synthetic Images for Semantic Segmentation of Urban Scenes},
booktitle = CVPR,
month = jun,
year = {2016}
}

incollection{Rumelhart1986,
address = {Cambridge, MA, USA},
author = {Rumelhart, D E and Hinton, G E and Williams, R J},
isbn = {0-262-68053-X},
pages = {318--362},
publisher = {MIT Press},
title = {Parallel Distributed Processing: Explorations in the Microstructure of Cognition, Vol. 1},
year = {1986}
}

article{Saleh2018,
  author    = {Fatemeh Sadat Saleh and Mohammad Sadegh Aliakbarian and Mathieu Salzmann and Lars Petersson and Jose M. Alvarez},
  title     = {Effective Use of Synthetic Data for Urban Scene Semantic Segmentation},
  year      = {2018},
  url       = {https://arxiv.org/abs/1807.06132v1},
}

@inproceedings{saxena2006learning,
  title={Learning depth from single monocular images},
  author={Saxena, Ashutosh and Chung, Sung H. and Ng, Andrew Y.},
  booktitle=NIPS,
  pages={1161--1168},
  year={2006}
}

@inproceedings{schober2017dynamic,
  title={Dynamic time-of-flight},
  author={Schober, Michael and Adam, Amit and Yair, Omer and Mazor, Shai and Nowozin, Sebastian},
  booktitle=CVPR,
  pages={6109--6118},
  year={2017}
}

@article{schwarz2010lidar,
  title={LIDAR: Mapping the world in {3D}},
  author={Schwarz, Brent},
  journal={Nature Photonics},
  volume={4},
  number={7},
  pages={429},
  year={2010},
  publisher={Nature Publishing Group}
}

@article{bronzi2016automotive,
  title={Automotive three-dimensional vision through a single-photon counting {SPAD} camera},
  author={Bronzi, Danilo and Zou, Yu and Villa, Federica and Tisa, Simone and Tosi, Alberto and Zappa, Franco},
  journal=TITS,
  volume={17},
  number={3},
  pages={782--795},
  year={2016},
}

@inproceedings{seitz2006comparison,
  title={A comparison and evaluation of multi-view stereo reconstruction algorithms},
  author={Seitz, Steven M. and Curless, Brian and Diebel, James and Scharstein, Daniel and Szeliski, Richard},
  booktitle=CVPR,
  pages={519--528},
  year={2006},
}

article{shrestha2016computational,
  title={Computational imaging with multi-camera time-of-flight systems},
  author={Shrestha, Shikhar and Heide, Felix and Heidrich, Wolfgang and Wetzstein, Gordon},
  journal=ToG,
  volume={35},
  number={4},
  pages={33},
  year={2016},
  publisher={ACM}
}

@inproceedings{song2015sun,
  title={Sun {RGB-D}: A {RGB-D} scene understanding benchmark suite},
  author={Song, Shuran and Lichtenberg, Samuel P. and Xiao, Jianxiong},
  booktitle=CVPR,
  pages={567--576},
  year={2015}
}

patent{Sonn2017,
author = {Sonn, Ezri and Oved, Amit and Levi, Eyal and Grauer, Yoav and David, Ofer},
title = {Gated Imaging, Apparatus, System and Method},
year = {2017},
publisher = {Google Patents},
month = sep,
day = {8},
nationality = {WO},
number = {WO 2017/149370 A1}
}

@article{spinhirne1995compact,
  title={Compact eye safe lidar systems},
  author={Spinhirne, James D. and Rall, Jonathan A.R. and Scott, V. Stanley},
  journal={The Review of Laser Engineering},
  volume={23},
  number={2},
  pages={112--118},
  year={1995},
  publisher={The Laser Society of Japan}
}

@inproceedings{su2018deep,
	title={Deep End-to-End Time-of-Flight Imaging},
	author={Su, Shuochen and Heide, Felix and Wetzstein, Gordon and Heidrich, Wolfgang},
	booktitle=CVPR,
	pages={6383--6392},
	year={2018}
}

@inproceedings{torr1999feature,
  title={Feature based methods for structure and motion estimation},
  author={Torr, Philip H.S. and Zisserman, Andrew},
  booktitle={International workshop on vision algorithms},
  pages={278--294},
  year={1999},
  organization={Springer}
}

@INPROCEEDINGS{Uhrig2017,
  author = {Jonas Uhrig and Nick Schneider and Lukas Schneider and Uwe Franke and Thomas Brox and Andreas Geiger},
  title = {Sparsity Invariant {CNN}s},
  booktitle = ThreeDV,
  year = {2017}
} 

@InProceedings{Ummenhofer2017,
	author       = {Ummenhofer, Benjamin and Zhou, Huizhong and Uhrig, Jonas and Mayer, Nikolaus and Ilg, Eddy and Dosovitskiy, Alexey and Brox, Thomas},
	title        = {{DeMoN}: Depth and Motion Network for Learning Monocular Stereo},
	booktitle    = CVPR,
	year         = {2017},
}

@inproceedings{veerappan2011160,
  title={A 160$\times$ 128 single-photon image sensor with on-pixel 55ps 10b time-to-digital converter},
  author={Veerappan, Chockalingam and Richardson, Justin and Walker, Richard and Li, Day-Uey and Fishburn, Matthew W and Maruyama, Yuki and Stoppa, David and Borghetti, Fausto and Gersbach, Marek and Henderson, Robert K and others},
  booktitle={IEEE International Solid-State Circuits Conference}, 
  pages={312--314},
  year={2011},
}

article{villa2012spad,
  title={{SPAD} smart pixel for time-of-flight and time-correlated single-photon counting measurements},
  author={Villa, F and Markovic, B and Bellisai, S and Bronzi, D and Tosi, A and Zappa, F and Tisa, S and Durini, D and Weyers, S and Paschen, U and others},
  journal={IEEE Photonics Journal},
  volume={4},
  number={3},
  pages={795--804},
  year={2012},
  publisher={IEEE}
}

@article{villa2014cmos,
  title={{CMOS} imager with 1024 {SPAD}s and {TDC}s for single-photon timing and {3-D} time-of-flight},
  author={Villa, Federica and Lussana, Rudi and Bronzi, Danilo and Tisa, Simone and Tosi, Alberto and Zappa, Franco and Dalla Mora, Alberto and Contini, Davide and Durini, Daniel and Weyers, Sasha and others},
  journal={IEEE journal of selected topics in quantum electronics},
  volume={20},
  number={6},
  pages={364--373},
  year={2014},
  publisher={IEEE}
}


@article{williams_apds,
author = {George M. Williams},
title = {Optimization of eyesafe avalanche photodiode lidar for automobile safety and autonomous navigation systems},
journal = OE,
volume = {56},
number = {3},
pages = {1 - 9 - 9},
year = {2017},
}

@article{Wu2018a,
author = {Wu, Yiran and Ying, Sihao and Zheng, Lianmin},
title = {Size-to-depth: A New Perspective for Single Image Depth Estimation},
year = {2018}
}

@article{Xinwei2013,
author = {Xinwei, Wang and Youfu, Li and Yan, Zhou},
journal = AO,
number = {30},
pages = {7399--406},
pmid = {24216596},
title = {Triangular-range-intensity profile spatial-correlation method for {3D} super-resolution range-gated imaging},
volume = {52},
year = {2013}
}

@article{Xiuda2008,
author = {Xiuda, Zhang and Huimin, Yan and Yanbing, Jiang},
issn = {01469592},
journal = OL,
number = {11},
pages = {1219--1221},
title = {Pulse-shape-free method for long-range three- dimensional active imaging with high linear accuracy},
volume = {33},
year = {2008}
}

@article{xu2017end,
  title={End-to-end learning of driving models from large-scale video datasets},
  author={Xu, Huazhe and Gao, Yang and Yu, Fisher and Darrell, Trevor},
  journal={arXiv preprint},
  year={2017}
}

@inproceedings{Zhang2016,
  title = {Benefit of Large Field-of-View Cameras for Visual Odometry},
  author = {Z. Zhang and H. Rebecq and C. Forster and D. Scaramuzza},
  booktitle = ICRA,
  year = {2016}
}

@inproceedings{Zhou2017,
	Author = {Zhou, Tinghui and Brown, Matthew and Snavely, Noah and Lowe, David G.},
	Title = {Unsupervised Learning of Depth and Ego-Motion from Video},
	Booktitle = CVPR,
	Year = {2017}
}

%-----

@inproceedings{lang2019pointpillars,
  title={PointPillars: Fast encoders for object detection from point clouds},
  author={Lang, Alex H and Vora, Sourabh and Caesar, Holger and Zhou, Lubing and Yang, Jiong and Beijbom, Oscar},
  booktitle=CVPR,
  pages={12697--12705},
  year={2019}
}

@inproceedings{yang2018pixor,
  title={Pixor: Real-time 3d object detection from point clouds},
  author={Yang, Bin and Luo, Wenjie and Urtasun, Raquel},
  booktitle=CVPR,
  pages={7652--7660},
  year={2018}
}

@inproceedings{engelcke2017vote3deep,
  title={Vote3deep: Fast object detection in 3d point clouds using efficient convolutional neural networks},
  author={Engelcke, Martin and Rao, Dushyant and Wang, Dominic Zeng and Tong, Chi Hay and Posner, Ingmar},
  booktitle={2017 IEEE International Conference on Robotics and Automation (ICRA)},
  pages={1355--1361},
  year={2017},
  organization={IEEE}
}

@inproceedings{zhou2018voxelnet,
  title={Voxelnet: End-to-end learning for point cloud based 3d object detection},
  author={Zhou, Yin and Tuzel, Oncel},
  booktitle=CVPR,
  pages={4490--4499},
  year={2018}
}

@inproceedings{wang2015voting,
  title={Voting for Voting in Online Point Cloud Object Detection.},
  author={Wang, Dominic Zeng and Posner, Ingmar},
  booktitle={Robotics: Science and Systems},
  volume={1},
  number={3},
  pages={10--15607},
  year={2015}
}

@inproceedings{chen2017multi,
  title={Multi-view 3d object detection network for autonomous driving},
  author={Chen, Xiaozhi and Ma, Huimin and Wan, Ji and Li, Bo and Xia, Tian},
  booktitle=CVPR,
  pages={1907--1915},
  year={2017}
}

@inproceedings{chen2016monocular,
  title={Monocular 3d object detection for autonomous driving},
  author={Chen, Xiaozhi and Kundu, Kaustav and Zhang, Ziyu and Ma, Huimin and Fidler, Sanja and Urtasun, Raquel},
  booktitle=CVPR,
  pages={2147--2156},
  year={2016}
}

@article{chen20173d,
  title={3d object proposals using stereo imagery for accurate object class detection},
  author={Chen, Xiaozhi and Kundu, Kaustav and Zhu, Yukun and Ma, Huimin and Fidler, Sanja and Urtasun, Raquel},
  journal=TPAMI,
  volume={40},
  number={5},
  pages={1259--1272},
  year={2017},
  publisher={IEEE}
}

@article{li2016vehicle,
  title={Vehicle detection from 3d lidar using fully convolutional network},
  author={Li, Bo and Zhang, Tianlei and Xia, Tian},
  journal={arXiv preprint arXiv:1608.07916},
  year={2016}
}

@inproceedings{song2014sliding, 
  title={Sliding shapes for 3d object detection in depth images},
  author={Song, Shuran and Xiao, Jianxiong},
  booktitle=ECCV,
  pages={634--651},
  year={2014},
  organization={Springer}
}

@inproceedings{song2016deep,
  title={Deep sliding shapes for amodal 3d object detection in rgb-d images},
  author={Song, Shuran and Xiao, Jianxiong},
  booktitle=CVPR,
  pages={808--816},
  year={2016}
}

@inproceedings{li20173d,
  title={3d fully convolutional network for vehicle detection in point cloud},
  author={Li, Bo},
  booktitle=IROS,
  pages={1513--1518},
  year={2017},
  organization={IEEE}
}

@inproceedings{qi2017pointnet,
  title={Pointnet: Deep learning on point sets for 3d classification and segmentation},
  author={Qi, Charles R and Su, Hao and Mo, Kaichun and Guibas, Leonidas J},
  booktitle=CVPR,
  pages={652--660},
  year={2017}
}

@inproceedings{xu2018pointfusion,
  title={PointFusion: Deep Sensor Fusion for 3D Bounding Box Estimation},
  author={Xu, Danfei and Anguelov, Dragomir and Jain, Ashesh},
  booktitle=CVPR,
  pages={244--253},
  year={2018}
}

@inproceedings{he2016resnet,
   title={Deep Residual Learning for Image Recognition},
   author={He, Kaiming and Zhang, Xiangyu and Ren, Shaoqing and Sun, Jian},
   booktitle=CVPR,
   pages={770--778},
   year={2016}
}

@inproceedings{luo2018furious,
	title={Fast and furious: Real time end-to-end 3d detection, tracking and motion forecasting with a single convolutional net},
	author={Luo, Wenjie and Yang, Bin and Urtasun, Raquel},
	booktitle=CVPR,
	pages={3569--3577},
	year={2018}
}

@INPROCEEDINGS{He:2017,

  author={K. {He} and G. {Gkioxari} and P. {Dollár} and R. {Girshick}},

  booktitle={2017 IEEE International Conference on Computer Vision (ICCV)}, 

  title={Mask R-CNN}, 

  year={2017},

  volume={},

  number={},

  pages={2980-2988},

  doi={10.1109/ICCV.2017.322}}

  
@inproceedings{ku2018joint,
  title={Joint 3d proposal generation and object detection from view aggregation},
  author={Ku, Jason and Mozifian, Melissa and Lee, Jungwook and Harakeh, Ali and Waslander, Steven L},
  booktitle=IROS,
  pages={1--8},
  year={2018},
  organization={IEEE}
}

@inproceedings{simon2018complex,
  title={Complex-YOLO: An Euler-Region-Proposal for Real-Time 3D Object Detection on Point Clouds},
  author={Simon, Martin and Milz, Stefan and Amende, Karl and Gross, Horst-Michael},
  booktitle=ECCV,
  pages={197--209},
  year={2018},
  organization={Springer}
}

@inproceedings{ren2015faster,
  title={Faster r-cnn: Towards real-time object detection with region proposal networks},
  author={Ren, Shaoqing and He, Kaiming and Girshick, Ross and Sun, Jian},
  booktitle=NIPS,
  pages={91--99},
  year={2015}
}

@inproceedings{redmon2016you,
  title={You only look once: Unified, real-time object detection},
  author={Redmon, Joseph and Divvala, Santosh and Girshick, Ross and Farhadi, Ali},
  booktitle=CVPR,
  pages={779--788},
  year={2016}
}

@inproceedings{girshick2014rich,
  title={Rich feature hierarchies for accurate object detection and semantic segmentation},
  author={Girshick, Ross and Donahue, Jeff and Darrell, Trevor and Malik, Jitendra},
  booktitle=CVPR,
  pages={580--587},
  year={2014}
}

@article{he2015spatial,
  title={Spatial pyramid pooling in deep convolutional networks for visual recognition},
  author={He, Kaiming and Zhang, Xiangyu and Ren, Shaoqing and Sun, Jian},
  journal=TPAMI,
  volume={37},
  number={9},
  pages={1904--1916},
  year={2015},
  publisher={IEEE}
}

@article{gated2depth,
  author    = {Tobias Gruber and
               Frank D. Julca{-}Aguilar and
               Mario Bijelic and
               Werner Ritter and
               Klaus Dietmayer and
               Felix Heide},
  title     = {Gated2Depth: Real-time Dense Lidar from Gated Images},
  journal   = {CoRR},
  volume    = {abs/1902.04997},
  year      = {2019},
  url       = {http://arxiv.org/abs/1902.04997},
  archivePrefix = {arXiv},
  eprint    = {1902.04997},
  timestamp = {Tue, 21 May 2019 18:03:38 +0200},
  biburl    = {https://dblp.org/rec/bib/journals/corr/abs-1902-04997},
  bibsource = {dblp computer science bibliography, https://dblp.org}
}

@article{sermanet2013overfeat,
  title={Overfeat: Integrated recognition, localization and detection using convolutional networks},
  author={Sermanet, Pierre and Eigen, David and Zhang, Xiang and Mathieu, Micha{\"e}l and Fergus, Rob and LeCun, Yann},
  journal={arXiv preprint arXiv:1312.6229},
  year={2013}
}

@inproceedings{girshick2015fast,
  title={Fast r-cnn},
  author={Girshick, Ross},
  booktitle=ICCV,
  pages={1440--1448},
  year={2015}
}

@inproceedings{long2015fully,
  title={Fully convolutional networks for semantic segmentation},
  author={Long, Jonathan and Shelhamer, Evan and Darrell, Trevor},
  booktitle=CVPR,
  pages={3431--3440},
  year={2015}
}

@article{huang2015densebox,
  title={Densebox: Unifying landmark localization with end to end object detection},
  author={Huang, Lichao and Yang, Yi and Deng, Yafeng and Yu, Yinan},
  journal={arXiv preprint arXiv:1509.04874},
  year={2015}
}

@misc{waymo_open_dataset,
  title = {Waymo Open Dataset: An autonomous driving dataset},
  website = {\url{https://www.waymo.com/open}},
  year = {2019}
}

@inproceedings{cordts2016cityscapes,
  title={The cityscapes dataset for semantic urban scene understanding},
  author={Cordts, Marius and Omran, Mohamed and Ramos, Sebastian and Rehfeld, Timo and Enzweiler, Markus and Benenson, Rodrigo and Franke, Uwe and Roth, Stefan and Schiele, Bernt},
  booktitle=CVPR,
  year={2016}
}

@article{yu2018bdd100k,
  title={Bdd100k: A diverse driving video database with scalable annotation tooling},
  author={Yu, Fisher and Xian, Wenqi and Chen, Yingying and Liu, Fangchen and Liao, Mike and Madhavan, Vashisht and Darrell, Trevor},
  journal={arXiv preprint arXiv:1805.04687},
  year={2018}
}

@inproceedings{quigley2009ros,
  title={ROS: an open-source Robot Operating System},
  author={Quigley, Morgan and Conley, Ken and Gerkey, Brian and Faust, Josh and Foote, Tully and Leibs, Jeremy and Wheeler, Rob and Ng, Andrew Y},
  booktitle=ICRA,
  volume={3},
  number={3.2},
  pages={5},
  year={2009},
  organization={Kobe, Japan}
}

@inproceedings{chen20153d,
	title={3d object proposals for accurate object class detection},
	author={Chen, Xiaozhi and Kundu, Kaustav and Zhu, Yukun and Berneshawi, Andrew G and Ma, Huimin and Fidler, Sanja and Urtasun, Raquel},
	booktitle={Advances in Neural Information Processing Systems},
	pages={424--432},
	year={2015}
}

@article{simonelli2019disentangling,
	title={Disentangling Monocular 3D Object Detection},
	author={Simonelli, Andrea and Bul{\`o}, Samuel Rota Rota and Porzi, Lorenzo and L{\'o}pez-Antequera, Manuel and Kontschieder, Peter},
	journal={arXiv preprint arXiv:1905.12365},
	year={2019}
}

@inproceedings{wang2019pseudo,
  title={Pseudo-lidar from visual depth estimation: Bridging the gap in 3d object detection for autonomous driving},
  author={Wang, Yan and Chao, Wei-Lun and Garg, Divyansh and Hariharan, Bharath and Campbell, Mark and Weinberger, Kilian Q},
  booktitle=CVPR,
  pages={8445--8453},
  year={2019}
}

@inproceedings{licvpr2019, 
    title     = {Stereo R-CNN based 3D Object Detection for Autonomous Driving}, 
    author    = {Li, Peiliang and Chen, Xiaozhi and Shen, Shaojie}, 
    booktitle = CVPR, 
    year      = {2019}
}

@INPROCEEDINGS{Lin:2017,

  author={T. {Lin} and P. {Dollár} and R. {Girshick} and K. {He} and B. {Hariharan} and S. {Belongie}},

  booktitle={2017 IEEE Conference on Computer Vision and Pattern Recognition (CVPR)}, 

  title={Feature Pyramid Networks for Object Detection}, 

  year={2017},

  volume={},

  number={},

  pages={936-944},

  doi={10.1109/CVPR.2017.106}}


@inproceedings{du2018general,
  title={A general pipeline for {3D} detection of vehicles},
  author={Du, Xinxin and Ang, Marcelo H and Karaman, Sertac and Rus, Daniela},
  booktitle=ICRA,
  pages={3194--3200},
  year={2018},
  organization={IEEE}
}

@inproceedings{liang2019multi,
  title={Multi-task multi-sensor fusion for 3d object detection},
  author={Liang, Ming and Yang, Bin and Chen, Yun and Hu, Rui and Urtasun, Raquel},
  booktitle=CVPR,
  pages={7345--7353},
  year={2019}
}

@inproceedings{chen2019fast,
  title={Fast point r-cnn},
  author={Chen, Yilun and Liu, Shu and Shen, Xiaoyong and Jia, Jiaya},
  booktitle=ICCV,
  pages={9775--9784},
  year={2019}
}

@inproceedings{brazil2019m3d,
	title={M3D-RPN: Monocular 3D Region Proposal Network for Object Detection},
	author={Brazil, Garrick and Liu, Xiaoming},
	booktitle=ICCV,
	pages={9287--9296},
	year={2019}
}

@article{ye2020sarpnet,
  title={SARPNET: Shape attention regional proposal network for liDAR-based 3D object detection},
  author={Ye, Yangyang and Chen, Houjin and Zhang, Chi and Hao, Xiaoli and Zhang, Zhaoxiang},
  journal={Neurocomputing},
  volume={379},
  pages={53--63},
  year={2020},
  publisher={Elsevier}
}

@article{yi2020segvoxelnet,
  title={SegVoxelNet: Exploring Semantic Context and Depth-aware Features for 3D Vehicle Detection from Point Cloud},
  author={Yi, Hongwei and Shi, Shaoshuai and Ding, Mingyu and Sun, Jiankai and Xu, Kui and Zhou, Hui and Wang, Zhe and Li, Sheng and Wang, Guoping},
  journal={arXiv preprint arXiv:2002.05316},
  year={2020}
}

@article{bijelic2020seeing,
  title={Seeing Through Fog Without Seeing Fog: Deep Multimodal Sensor Fusion in Unseen Adverse Weather},
  author={Mario Bijelic and Tobias Gruber and Fahim Mannan and Florian Kraus and Werner Ritter and Klaus Dietmayer and Felix Heide},
  year={2020},
  journal={CVPR}
}

@article{shi2019pv,
  title={PV-RCNN: Point-Voxel Feature Set Abstraction for 3D Object Detection},
  author={Shi, Shaoshuai and Guo, Chaoxu and Jiang, Li and Wang, Zhe and Shi, Jianping and Wang, Xiaogang and Li, Hongsheng},
  journal={arXiv preprint arXiv:1912.13192},
  year={2019}
}

@article{ma2020rethinking,
	title={Rethinking pseudo-lidar representation},
	author={Ma, Xinzhu and Liu, Shinan and Xia, Zhiyi and Zhang, Hongwen and Zeng, Xingyu and Ouyang, Wanli},
	journal={arXiv preprint arXiv:2008.04582},
	year={2020}
}

@article{you2019pseudo,
	title={Pseudo-lidar++: Accurate depth for 3d object detection in autonomous driving},
	author={You, Yurong and Wang, Yan and Chao, Wei-Lun and Garg, Divyansh and Pleiss, Geoff and Hariharan, Bharath and Campbell, Mark and Weinberger, Kilian Q},
	journal={arXiv preprint arXiv:1906.06310},
	year={2019}
}

@inproceedings{weng2019monocular,
	title={Monocular 3d object detection with pseudo-lidar point cloud},
	author={Weng, Xinshuo and Kitani, Kris},
	booktitle={Proceedings of the IEEE International Conference on Computer Vision Workshops},
	pages={0--0},
	year={2019}
}

@inproceedings{ma2019accurate,
	title={Accurate monocular 3d object detection via color-embedded 3d reconstruction for autonomous driving},
	author={Ma, Xinzhu and Wang, Zhihui and Li, Haojie and Zhang, Pengbo and Ouyang, Wanli and Fan, Xin},
	booktitle={Proceedings of the IEEE International Conference on Computer Vision},
	pages={6851--6860},
	year={2019}
}

@article{lange2001solid,
  title={Solid-state time-of-flight range camera},
  author={Lange, Robert and Seitz, Peter},
  journal={IEEE Journal of quantum electronics},
  volume={37},
  number={3},
  pages={390--397},
  year={2001},
  publisher={IEEE}
}

@article{schwarz2010mapping,
  title={Mapping the world in 3D},
  author={Schwarz, Brent},
  journal={Nature Photonics},
  volume={4},
  number={7},
  pages={429--430},
  year={2010},
  publisher={Nature Publishing Group}
}

@article{morimoto2020megapixel,
  title={Megapixel time-gated SPAD image sensor for 2D and 3D imaging applications},
  author={Morimoto, Kazuhiro and Ardelean, Andrei and Wu, Ming-Lo and Ulku, Arin Can and Antolovic, Ivan Michel and Bruschini, Claudio and Charbon, Edoardo},
  journal={Optica},
  volume={7},
  number={4},
  pages={346--354},
  year={2020},
  publisher={Optical Society of America}
}
