

@inproceedings{zou2019learning,
  title={Learning robust facial landmark detection via hierarchical structured ensemble},
  author={Zou, Xu and Zhong, Sheng and Yan, Luxin and Zhao, Xiangyun and Zhou, Jiahuan and Wu, Ying},
  booktitle={International Conference on Computer Vision (ICCV)},
  pages={141--150},
  year={2019}
}

%
@article{fu2021let,
  title={Let There be Light: Improved Traffic Surveillance via Detail Preserving Night-to-Day Transfer},
  author={Fu, Lan and Yu, Hongkai and Juefei-Xu, Felix and Li, Jinlong and Guo, Qing and Wang, Song},
  journal={IEEE Transactions on Circuits and Systems for Video Technology (TCSVT)},
  year={2021}
}

% dehaze and classification
@article{pei2019effects,
  title={Effects of image degradation and degradation removal to cnn-based image classification},
  author={Pei, Yanting and Huang, Yaping and Zou, Qi and Zhang, Xingyuan and Wang, Song},
  journal={IEEE Transactions on Pattern Analysis and Machine Intelligence (TPAMI)},
  year={2019}
}

@article{hnewa2020object,
  title={Object Detection Under Rainy Conditions for Autonomous Vehicles: A Review of State-of-the-Art and Emerging Techniques},
  author={Hnewa, Mazin and Radha, Hayder},
  journal={IEEE Signal Processing Magazine (SPM)},
  volume={38},
  number={1},
  pages={53--67},
  year={2020}
}



@inproceedings{wang2018non,
  title={Non-local neural networks},
  author={Wang, Xiaolong and Girshick, Ross and Gupta, Abhinav and He, Kaiming},
  booktitle={Conference on Computer Vision and Pattern Recognition (CVPR)},
  pages={7794--7803},
  year={2018}
}

@inproceedings{zhu2015high,
  title={High-fidelity pose and expression normalization for face recognition in the wild},
  author={Zhu, Xiangyu and Lei, Zhen and Yan, Junjie and Yi, Dong and Li, Stan Z},
  booktitle={Conference on Computer Vision and Pattern Recognition (CVPR)},
  pages={787--796},
  year={2015}
}

@inproceedings{liu2018exploring,
  title={Exploring disentangled feature representation beyond face identification},
  author={Liu, Yu and Wei, Fangyin and Shao, Jing and Sheng, Lu and Yan, Junjie and Wang, Xiaogang},
  booktitle={Conference on Computer Vision and Pattern Recognition (CVPR)},
  pages={2080--2089},
  year={2018}
}

% reenactment
@inproceedings{zhang2020freenet,
  title={Freenet: Multi-identity face reenactment},
  author={Zhang, Jiangning and Zeng, Xianfang and Wang, Mengmeng and Pan, Yusu and Liu, Liang and Liu, Yong and Ding, Yu and Fan, Changjie},
  booktitle={Conference on Computer Vision and Pattern Recognition (CVPR)},
  pages={5326--5335},
  year={2020}
}

@inproceedings{thies2016face2face,
  title={Face2face: Real-time face capture and reenactment of rgb videos},
  author={Thies, Justus and Zollhofer, Michael and Stamminger, Marc and Theobalt, Christian and Nie{\ss}ner, Matthias},
  booktitle={Conference on Computer Vision and Pattern Recognition (CVPR)},
  pages={2387--2395},
  year={2016}
}

%3D constrcution
@inproceedings{liu2016joint,
  title={Joint face alignment and 3D face reconstruction},
  author={Liu, Feng and Zeng, Dan and Zhao, Qijun and Liu, Xiaoming},
  booktitle={European Conference on Computer Vision (ECCV)},
  pages={545--560},
  year={2016}
}

% deep fake
@inproceedings{zhao2021learning,
  title={Learning Self-Consistency for Deepfake Detection},
  author={Zhao, Tianchen and Xu, Xiang and Xu, Mingze and Ding, Hui and Xiong, Yuanjun and Xia, Wei},
  booktitle={International Conference on Computer Vision (ICCV)},
  pages={15023--15033},
  year={2021}
}

@inproceedings{li2020celeb,
  title={Celeb-df: A large-scale challenging dataset for deepfake forensics},
  author={Li, Yuezun and Yang, Xin and Sun, Pu and Qi, Honggang and Lyu, Siwei},
  booktitle={Conference on Computer Vision and Pattern Recognition (CVPR)},
  pages={3207--3216},
  year={2020}
}


% shadow removal

@article{shor2008the,
author = {Shor, Yael and Lischinski, Dani},
title = {The Shadow Meets the Mask: Pyramid-Based Shadow Removal},
journal = {Computer Graphics Forum (CGF)},
volume = {27},
number = {2},
year = {2008},
pages = {577-586}
}

@inproceedings{qu2017deshadownet,
  title={Deshadownet: A multi-context embedding deep network for shadow removal},
  author={Qu, Liangqiong and Tian, Jiandong and He, Shengfeng and Tang, Yandong and Lau, Rynson WH},
  booktitle={Conference on Computer Vision and Pattern Recognition (CVPR)},
  pages={4067--4075},
  year={2017}
}

@inproceedings{wang2018stacked,
  title={Stacked conditional generative adversarial networks for jointly learning shadow detection and shadow removal},
  author={Wang, Jifeng and Li, Xiang and Yang, Jian},
  booktitle={Conference on Computer Vision and Pattern Recognition (CVPR)},
  pages={1788--1797},
  year={2018}
}

@inproceedings{zhu2018bidirectional,
  title={Bidirectional feature pyramid network with recurrent attention residual modules for shadow detection},
  author={Zhu, Lei and Deng, Zijun and Hu, Xiaowei and Fu, Chi-Wing and Xu, Xuemiao and Qin, Jing and Heng, Pheng-Ann},
  booktitle={European Conference on Computer Vision (ECCV)},
  pages={121--136},
  year={2018}
}


%feature fusion
@inproceedings{liu2020learning,
  title={Learning selective self-mutual attention for RGB-D saliency detection},
  author={Liu, Nian and Zhang, Ni and Han, Junwei},
  booktitle={Conference on Computer Vision and Pattern Recognition (CVPR)},
  pages={13756--13765},
  year={2020}
}

@inproceedings{johnson2016perceptual,
  title={Perceptual losses for real-time style transfer and super-resolution},
  author={Johnson, Justin and Alahi, Alexandre and Fei-Fei, Li},
  booktitle={European Conference on Computer Vision (ECCV)},
  pages={694--711},
  year={2016}
}


% image degradtion and perception performance
@inproceedings{sun2018feature,
  title={Feature quantization for defending against distortion of images},
  author={Sun, Zhun and Ozay, Mete and Zhang, Yan and Liu, Xing and Okatani, Takayuki},
  booktitle={Conference on Computer Vision and Pattern Recognition (CVPR)},
  pages={7957--7966},
  year={2018}
}

@inproceedings{li2017aod,
  title={Aod-net: All-in-one dehazing network},
  author={Li, Boyi and Peng, Xiulian and Wang, Zhangyang and Xu, Jizheng and Feng, Dan},
  booktitle={International Conference on Computer Vision (ICCV)},
  pages={4770--4778},
  year={2017}
}

@inproceedings{liu2017image,
  title={When image denoising meets high-level vision tasks: A deep learning approach},
  author={Liu, Ding and Wen, Bihan and Liu, Xianming and Wang, Zhangyang and Huang, Thomas S},
  booktitle={International Joint Conference on Artificial Intelligence (IJCAI)},
  pages={842--848},
  year={2017}
}

@inproceedings{li2020structured,
  title={Structured landmark detection via topology-adapting deep graph learning},
  author={Li, Weijian and Lu, Yuhang and Zheng, Kang and Liao, Haofu and Lin, Chihung and Luo, Jiebo and Cheng, Chi-Tung and Xiao, Jing and Lu, Le and Kuo, Chang-Fu and others},
  booktitle={European Conference on Computer Vision (ECCV)},
  pages={266--283},
  year={2020}
}

% shadow generation

@article{gryka2015learning,
  title={Learning to remove soft shadows},
  author={Gryka, Maciej and Terry, Michael and Brostow, Gabriel J},
  journal={ACM Transactions on Graphics (TOG)},
  volume={34},
  number={5},
  pages={1--15},
  year={2015},
}

@inproceedings{sidorov2019conditional,
  title={Conditional gans for multi-illuminant color constancy: Revolution or yet another approach?},
  author={Sidorov, Oleksii},
  booktitle={Conference on Computer Vision and Pattern Recognition Workshops (CVPRW)},
  pages={0--0},
  year={2019}
}

@book{fernando2004gpu,
  title={GPU gems: programming techniques, tips, and tricks for real-time graphics},
  author={Fernando, Randima and others},
  volume={590},
  year={2004}
}

@inproceedings{hanrahan1993reflection,
  title={Reflection from layered surfaces due to subsurface scattering},
  author={Hanrahan, Pat and Krueger, Wolfgang},
  booktitle={Conference on Computer Graphics and Interactive Techniques (CGIT)},
  pages={165--174},
  year={1993}
}

@article{inoue2020learning,
  title={Learning from Synthetic Shadows for Shadow Detection and Removal},
  author={Inoue, Naoto and Yamasaki, Toshihiko},
  journal={IEEE Transactions on Circuits and Systems for Video Technology (TCSVT)},
  year={2020}
}

@article{zhang2020portrait,
  title={Portrait shadow manipulation},
  author={Zhang, Xuaner and Barron, Jonathan T and Tsai, Yun-Ta and Pandey, Rohit and Zhang, Xiuming and Ng, Ren and Jacobs, David E},
  journal={ACM Transactions on Graphics (TOG)},
  volume={39},
  number={4},
  pages={78--1},
  year={2020}
}

@inproceedings{chen2005estimating,
  title={Estimating complexity of 2D shapes},
  author={Chen, Yinpeng and Sundaram, Hari},
  booktitle={Workshop on Multimedia Signal Processing (MSPW)},
  pages={1--4},
  year={2005}
}

% shadow remove
@inproceedings{fu2021auto,
  title={Auto-exposure fusion for single-image shadow removal},
  author={Fu, Lan and Zhou, Changqing and Guo, Qing and Juefei-Xu, Felix and Yu, Hongkai and Feng, Wei and Liu, Yang and Wang, Song},
  booktitle={Conference on Computer Vision and Pattern Recognition (CVPR)},
  pages={10571--10580},
  year={2021}
}

@inproceedings{le2019shadow,
  title={Shadow removal via shadow image decomposition},
  author={Le, Hieu and Samaras, Dimitris},
  booktitle={International Conference on Computer Vision (ICCV)},
  pages={8578--8587},
  year={2019}
}

@inproceedings{hu2019mask,
  title={Mask-ShadowGAN: Learning to remove shadows from unpaired data},
  author={Hu, Xiaowei and Jiang, Yitong and Fu, Chi-Wing and Heng, Pheng-Ann},
  booktitle={International Conference on Computer Vision (ICCV)},
  pages={2472--2481},
  year={2019}
}

% face depth
@inproceedings{guo2020towards,
  title={Towards fast, accurate and stable 3d dense face alignment},
  author={Guo, Jianzhu and Zhu, Xiangyu and Yang, Yang and Yang, Fan and Lei, Zhen and Li, Stan Z},
  booktitle={European Conference on Computer Vision (ECCV)},
  pages={152--168},
  year={2020}
}

% landmark
@inproceedings{dong2018style,
  title={Style aggregated network for facial landmark detection},
  author={Dong, Xuanyi and Yan, Yan and Ouyang, Wanli and Yang, Yi},
  booktitle={Conference on Computer Vision and Pattern Recognition (CVPR)},
  pages={379--388},
  year={2018}
}

@article{wang2020deep,
  title={Deep high-resolution representation learning for visual recognition},
  author={Wang, Jingdong and Sun, Ke and Cheng, Tianheng and Jiang, Borui and Deng, Chaorui and Zhao, Yang and Liu, Dong and Mu, Yadong and Tan, Mingkui and Wang, Xinggang and others},
  journal={IEEE Transactions on Pattern Analysis and Machine Intelligence (TPAMI)},
  year={2020}
}

@inproceedings{kumar2020luvli,
  title={LUVLi Face Alignment: Estimating Landmarks' Location, Uncertainty, and Visibility Likelihood},
  author={Kumar, Abhinav and Marks, Tim K and Mou, Wenxuan and Wang, Ye and Jones, Michael and Cherian, Anoop and Koike-Akino, Toshiaki and Liu, Xiaoming and Feng, Chen},
  booktitle={Conference on Computer Vision and Pattern Recognition (CVPR)},
  pages={8236--8246},
  year={2020}
}

@inproceedings{toshev2014deeppose,
  title={Deeppose: Human pose estimation via deep neural networks},
  author={Toshev, Alexander and Szegedy, Christian},
  booktitle={Conference on Computer Vision and Pattern Recognition (CVPR)},
  pages={1653--1660},
  year={2014}
}

@inproceedings{valle2018deeply,
  title={A deeply-initialized coarse-to-fine ensemble of regression trees for face alignment},
  author={Valle, Roberto and Buenaposada, Jose M and Valdes, Antonio and Baumela, Luis},
  booktitle={European Conference on Computer Vision (ECCV)},
  pages={585--601},
  year={2018}
}

@inproceedings{juefei2013image,
  title={An image statistics approach towards efficient and robust refinement for landmarks on facial boundary},
  author={Juefei-Xu, Felix and Savvides, Marios},
  booktitle={International Conference on Biometrics: Theory, Applications and Systems (BTAS)},
  pages={1--8},
  year={2013}
}

@inproceedings{belagiannis2017recurrent,
  title={Recurrent human pose estimation},
  author={Belagiannis, Vasileios and Zisserman, Andrew},
  booktitle={International Conference on Automatic Face \& Gesture Recognition (AFGR)},
  pages={468--475},
  year={2017}
}

%dataset 300W

@inproceedings{sagonas2013300,
  title={300 faces in-the-wild challenge: The first facial landmark localization challenge},
  author={Sagonas, Christos and Tzimiropoulos, Georgios and Zafeiriou, Stefanos and Pantic, Maja},
  booktitle={International Conference on Computer Vision Workshops (ICCVW)},
  pages={397--403},
  year={2013}
}

@inproceedings{wu2018look,
  title={Look at boundary: A boundary-aware face alignment algorithm},
  author={Wu, Wayne and Qian, Chen and Yang, Shuo and Wang, Quan and Cai, Yici and Zhou, Qiang},
  booktitle={Conference on Computer Vision and Pattern Recognition (CVPR)},
  pages={2129--2138},
  year={2018}
}

@article{wu2019facial,
  title={Facial landmark detection: A literature survey},
  author={Wu, Yue and Ji, Qiang},
  journal={International Journal of Computer Vision (IJCV)},
  volume={127},
  number={2},
  pages={115--142},
  year={2019}
}

@inproceedings{zhang2014facial,
  title={Facial landmark detection by deep multi-task learning},
  author={Zhang, Zhanpeng and Luo, Ping and Loy, Chen Change and Tang, Xiaoou},
  booktitle={European Conference on Computer Vision (ECCV)},
  pages={94--108},
  year={2014},
  organization={Springer}
}

% example
@inproceedings{eccv20_spark,
author={Qing Guo and Xiaofei Xie and Felix Juefei-Xu and Lei Ma and Zhongguo Li and Wanli Xue and Wei Feng and Yang Liu},
title={{SPARK: Spatial-aware Online Incremental Attack Against Visual Tracking}},
booktitle={European Conference on Computer Vision (ECCV)},
month={Aug},
year={2020}
}

% batch normalization
@inproceedings{ioffe2015batch,
  title={Batch normalization: Accelerating deep network training by reducing internal covariate shift},
  author={Ioffe, Sergey and Szegedy, Christian},
  booktitle={International Conference on Machine Learning (ICML)},
  pages={448--456},
  year={2015}
}

@inproceedings{neurips20_abba,
author = {Qing Guo and Felix Juefei-Xu and Xiaofei Xie and Lei Ma and Jian Wang and Bing Yu and Wei Feng and Yang Liu},
booktitle={Advances in Neural Information Processing Systems (NeurIPS)},
title = {{Watch out! Motion is Blurring the Vision of Your Deep Neural Networks}},
year={2020},
}

@inproceedings{iccv21_advmot,
author={Qing Guo and Ziyi Cheng and Felix Juefei-Xu and Lei Ma and Xiaofei Xie and Yang Liu and Jianjun Zhao},
booktitle={Proceedings of the IEEE International Conference on Computer Vision (ICCV)},
title={{Learning to Adversarially Blur Visual Object Tracking}},
year={2021},
month={October},
publisher={IEEE}
}

@article{zhai2020s,
  title={It's Raining Cats or Dogs? Adversarial Rain Attack on DNN Perception},
  author={Zhai, Liming and Juefei-Xu, Felix and Guo, Qing and Xie, Xiaofei and Ma, Lei and Feng, Wei and Qin, Shengchao and Liu, Yang},
  journal={arXiv preprint arXiv:2009.09205},
  year={2020}
}

@article{arxiv21_advhaze,
author={Ruijun Gao and Qing Guo and Felix Juefei-Xu and Hongkai Yu and Wei Feng},
title={{AdvHaze: Adversarial Haze Attack}},
journal={arXiv preprint arXiv:2104.13673},
year={2021}
}

@article{arxiv21_ara,
author={Ruijun Gao and Qing Guo and Qian Zhang and Felix Juefei-Xu and Hongkai Yu and Wei Feng},
title={{Adversarial Relighting against Face Recognition}},
journal={arXiv preprint arXiv:2108.07920},
year={2021}
}

@inproceedings{ijcai21_ava,
author={Binyu Tian and Felix Juefei-Xu and Qing Guo and Xiaofei Xie and Xiaohong Li and Yang Liu},
title={{AVA: Adversarial Vignetting Attack against Visual Recognition}},
booktitle={Proceedings of the International Joint Conference on Artificial Intelligence (IJCAI)},
year={2021}
}

@inproceedings{icme21_xray,
author={Binyu Tian and Qing Guo and Felix Juefei-Xu and Wen Le Chan and Yupeng Cheng and Xiaohong Li and Xiaofei Xie and Shengchao Qin},
title={{Bias Field Poses a Threat to DNN-Based X-Ray Recognition}},
booktitle={IEEE International Conference on Multimedia and Expo (ICME)},
year={2021}
}

@article{cheng2020adversarial,
  title={Adversarial exposure attack on diabetic retinopathy imagery},
  author={Cheng, Yupeng and Juefei-Xu, Felix and Guo, Qing and Fu, Huazhu and Xie, Xiaofei and Lin, Shang-Wei and Lin, Weisi and Liu, Yang},
  journal={arXiv preprint arXiv:2009.09231},
  year={2020}
}

@article{gao2020making,
  title={Making images undiscoverable from co-saliency detection},
  author={Gao, Ruijun and Guo, Qing and Juefei-Xu, Felix and Yu, Hongkai and Ren, Xuhong and Feng, Wei and Wang, Song},
  journal={arXiv preprint arXiv:2009.09258},
  year={2020}
}

@article{tmm21_pasadena,
author={Yupeng Cheng and Qing Guo and Felix Juefei-Xu and Xiaofei Xie and Shang-Wei Lin and Weisi Lin and Wei Feng and Yang Liu},
journal={IEEE Transactions on Multimedia (TMM)},
title={{Pasadena: Perceptually Aware and Stealthy Adversarial Denoise Attack}},
year={2021},
month={},
volume={},
number={},
pages={},
publisher={IEEE}
}

@inproceedings{acmmm20_amora,
author={Run Wang and Felix Juefei-Xu and Qing Guo and Yihao Huang and Xiaofei Xie and Lei Ma and Yang Liu},
title={{Amora: Black-box Adversarial Morphing Attack}},
booktitle={Proceedings of the ACM International Conference on Multimedia (ACM MM)},
year={2020}
}

@inproceedings{iccv21_flat,
author={Yiming Li and Congcong Wen and Felix Juefei-Xu and Chen Feng},
booktitle={Proceedings of the IEEE International Conference on Computer Vision (ICCV)},
title={{Fooling LiDAR Perception via Adversarial Trajectory Perturbation}},
year={2021},
month={October},
publisher={IEEE}
}

@article{arxiv21_advbokeh,
  title={AdvBokeh: Learning to Adversarially Defocus Blur},
  author={Yihao Huang and Felix Juefei-Xu and Qing Guo and Weikai Miao and Yang Liu and Geguang Pu},
  journal={arXiv preprint},
  year={2021}
}