@inproceedings{ Zhang-et-al:AAAI2017,
	author = "Junbo Zhang and Yu Zheng and Dekang Qi",
	title = "Deep Spatio-Temporal Residual Networks for Citywide Crowd Flows Prediction",
	booktitle = "AAAI",
	pages = "1655--1661",
	year = "2017"
}

@inproceedings{ Yao-et-al:AAAI2019,
	author = "Huaxiu Yao and Xianfeng Tang and Hua Wei and Guanjie Zheng and Zhenhui Li",
	title = "Revisiting Spatial-Temporal Similarity: A Deep Learning Framework for Traffic Prediction",
	booktitle = "AAAI",
	year = "2019"
}

@article{ Zheng-et-al:TITS2020,
	author = "Chuanpan Zheng and Xiaoliang Fan and Chenglu Wen and Longbiao Chen and Cheng Wang and Jonathan Li",
	title = "DeepSTD: Mining Spatio-Temporal Disturbances of Multiple Context Factors for Citywide Traffic Flow Prediction",
	journal = "IEEE Transactions on Intelligent Transportation Systems",
	volume = "21",
	number = "9",
	pages = "3744--3755",
	year = "2020"
}

@inproceedings{ Zheng-et-al:AAAI2020,
	author = "Chuanpan Zheng and Xiaoliang Fan and Cheng Wang and Jianzhong Qi",
	title = "GMAN: A Graph Multi-Attention Network for Traffic Prediction",
	booktitle = "AAAI",
	pages = "1234-1241",
	year = "2020"
}

@inproceedings{ Li-et-al:ICLR2018,
	author = "Yaguang Li and Rose Yu and Cyrus Shahabi and Yan Liu",
	title = "Diffusion Convolutional Recurrent Neural Network: Data-Driven Traffic Forecasting",
	booktitle = "ICLR",
	year = "2018"
}

@inproceedings{ Cheng-et-al:AAAI2018,
	author = "Weiyu Cheng and Yanyan Shen and Yanmin Zhu and Linpeng Huang",
	title = "A neural attention model for urban air quality inference: learning the weights of monitoring stations",
	booktitle = "AAAI",
	pages = "2151--2158",
	year = "2018"
}

@inproceedings{ Yu-et-al:IJCAI2018,
	author = "Bing Yu and Haoteng Yin and Zhanxing Zhu",
	title = "Spatio-Temporal Graph Convolutional Networks: A Deep Learning Framework for Traffic Forecasting",
	booktitle = "IJCAI",
	pages = "3634--3640",
	year = "2018"
}

@inproceedings{ Guo-et-al:AAAI2019,
	author = "Shengnan Guo and Youfang Lin and Ning Feng and Chao Song and HuaiyuWan",
	title = "Attention Based Spatial-Temporal Graph Convolutional Networks for Traffic Flow Forecasting",
	booktitle = "AAAI",
	pages = "922--929",
	year = "2019"
}

@inproceedings{ Wu-et-al:IJCAI2019,
	author = "Zonghan Wu and Shirui Pan and Guodong Long and Jing Jiang and Chengqi Zhang",
	title = "Graph WaveNet for Deep Spatial-Temporal Graph Modeling",
	booktitle = "IJCAI",
	year = "2019"
}

@inproceedings{ Song-et-al:AAAI2020,
	author = "Chao Song and Youfang Lin and Shengnan Guo and HuaiyuWan",
	title = "Spatial-Temporal Synchronous Graph Convolutional Networks: A New Framework for Spatial-Temporal Network Data Forecasting",
	booktitle = "AAAI",
	year = "2020"
}

@inproceedings{ Bai-et-al:NIPS2020,
	author = "Lei Bai and Lina Yao and Can Li and Xianzhi Wang and Can Wang",
	title = "Adaptive Graph Convolutional Recurrent Network for Traffic Forecasting",
	booktitle = "NeurIPS",
	year = "2020"
}

@inproceedings{ Li-and-Zhu:AAAI2021,
	author = "Mengzhang Li and Zhanxing Zhu",
	title = "Spatial-Temporal Fusion Graph Neural Networks for Traffic Flow Forecasting",
	booktitle = "AAAI",
	year = "2021"
}

@article{ Yin-et-al:arXiv2020, 
	author = "Xueyan Yin and Genze Wu and Jinze Wei and Yanming Shen and Heng Qi and Baocai Yin", 
	title = "A Comprehensive Survey on Traffic Prediction", 
	journal = "arXiv preprint arXiv:2004.08555", 
	year = "2020"
}

@article{ Ma-et-al:TRC2015,
	author = "Xiaolei Ma and Zhimin Tao and Yinhai Wang and Haiyang Yu and Yunpeng Wang",
	title = "Long short-term memory neural network for traffic speed prediction using remote microwave sensor data",
	journal = "Transportation Research Part C: Emerging Technologies",
	volume = "54",
	pages = "187--197",
	year = "2015"
}

@inproceedings{ Yao-et-al:AAAI2018,
	author = "Huaxiu Yao and Fei Wu and Jintao Ke and Xianfeng Tang and Yitian Jia and Siyu Lu and Pinghua Gong and Jieping Ye and Zhenhui Li",
	title = "Deep Multi-View Spatial-Temporal Network for Taxi Demand Prediction",
	booktitle = "AAAI",
	pages = "2588--2595",
	year = "2018"
}

@article{ Ye-et-al:arXiv2020, 
	author = "Jiexia Ye and Juanjuan Zhao and Kejiang Ye and Chengzhong Xu", 
	title = "How to Build a Graph-Based Deep Learning Architecture in Traffic Domain: A Survey", 
	journal = "arXiv preprint arXiv:2005.11691", 
	year = "2020"
}

@inproceedings{ Wang-et-al:WWW2020,
	author = "	Xiaoyang Wang and Yao Ma and Yiqi Wang and Wei Jin and Xin Wang and Jiliang Tang and Caiyan Jia and Jian Yu",
	title = "Traffic Flow Prediction via Spatial Temporal Graph Neural Network",
	booktitle = "WWW",
	pages = "1082-1092",
	year = "2020"
}

@inproceedings{ Vaswani-et-al:NIPS2017,
	author = "Ashish Vaswani and Noam Shazeer and Niki Parmar and Jakob Uszkoreit and Llion Jones and Aidan N. Gomez and Łukasz Kaiser and Illia Polosukhin",
	title = "Attention is all you need",
	booktitle = "NeurIPS",
	pages = "5998--6008",
	year = "2017"
}

@inproceedings{ Chen-et-al:AAAI2020,
	author = "Weiqi Chen and Ling Chen and Yu Xie and Wei Cao and Yusong Gao and Xiaojie Feng",
	title = "Multi-Range Attentive Bicomponent Graph Convolutional Network for Traffic Forecasting",
	booktitle = "AAAI",
	year = "2020"
}

@inproceedings{ Wang-et-al:KDD2019,
	author = "Yuandong Wang and Hongzhi Yin and Hongxu Chen and Tianyu Wo and Jie Xu and Kai Zheng",
	title = "Origin-destination matrix prediction via graph convolution: a new perspective of passenger demand modeling",
	booktitle = "KDD",
	pages = "1227--1235",
	year = "2019"
}

@article{ Wu-et-al:TNNLS2021, 
	author = "Zonghan Wu and Shirui Pan and Fengwen Chen and Guodong Long and Chengqi Zhang and Philip S. Yu", 
	title = "A Comprehensive Survey on Graph Neural Networks", 
	journal = "IEEE Transactions on Neural Networks and Learning Systems", 
	volume = "32",
	number = "1",
	pages = "4--24",
	year = "2021"
}

@inproceedings{ Kipf-and-Welling:ICLR2017,
	author = "Thomas N. Kipf and Max Welling",
	title = "Semi-supervised classification with graph convolutional networks",
	booktitle = "ICLR",
	year = "2017"
}

@inproceedings{ Zhang-et-al:NIPS2018,
	author = "Muhan Zhang and Yixin Chen",
	title = "Link Prediction Based on Graph Neural Networks",
	booktitle = "NeurIPS",
	pages = "5165--5175",
	year = "2018"
}

@article{ Bronstein-et-al:SPM2017,
	author = "Michael M. Bronstein and Joan Bruna and Yann LeCun and Arthur Szlam and Pierre Vandergheynst",
	title = "Geometric deep learning: going beyond euclidean data",
	journal = "IEEE Signal Processing Magazine ",
	volume = "34",
	number = "4",
	pages = "18--42",
	year = "2017"
}

@inproceedings{ Atwood-and-Towsley:NIPS2016,
	author = "James Atwood and Don Towsley",
	title = "Diffusion-Convolutional Neural Networks",
	booktitle = "NeurIPS",
	pages = "1993--2001",
	year = "2016"
}

@inproceedings{ Hamilton-et-al:NIPS2017,
	author = "William L. Hamilton and Rex Ying and Jure Leskovec",
	title = "Inductive representation learning on large graphs",
	booktitle = "NeurIPS",
	pages = "1024--1034",
	year = "2017"
}

@inproceedings{ Niepert-et-al:ICML2016,
	author = "Mathias Niepert and Mohamed Ahmed and	Konstantin Kutzkov",
	title = "Learning Convolutional Neural Networks for Graphs",
	booktitle = "ICML",
	pages = "2014--2023",
	year = "2016"
}

@inproceedings{ Li-et-al:AAAI2020,
	author = "Qimai Li and Zhichao Han and Xiao-Ming Wu",
	title = "Deeper Insights into Graph Convolutional Networks for Semi-Supervised Learning",
	booktitle = "AAAI",
	year = "2020"
}

@inproceedings{ Bruna-et-al:ICLR2014,
	author = "Joan Bruna and Wojciech Zaremba and Arthur Szlam and Yann LeCun",
	title = "Spectral Networks and Deep Locally Connected Networks on Graphs",
	booktitle = "ICLR",
	year = "2014"
}

@inproceedings{ Defferrard-et-al:NIPS2016,
	author = "Michaël Defferrard and Xavier Bresson and Pierre Vandergheynst",
	title = "Convolutional neural networks on graphs with fast localized spectral filtering",
	booktitle = "NeurIPS",
	pages = "3844--3852",
	year = "2016"
}

@inproceedings{ Velickovic-et-al:ICLR2018,
	author = "Petar Veličković and Guillem Cucurull and Arantxa Casanova and Adriana Romero and Pietro Liò and Yoshua Bengio",
	title = "Graph attention networks",
	booktitle = "ICLR",
	year = "2018"
}

@inproceedings{ Shi-et-al:CVPR2019,
	author = "Lei Shi and Yifan Zhang and Jian Cheng and Hanqing Lu",
	title = "Two-Stream Adaptive Graph Convolutional Networks for Skeleton-Based Action Recognition",
	booktitle = "CVPR",
	pages = "12026–12035",
	year = "2019"
}

@inproceedings{ Yan-et-al:AAAI2018,
	author = "Sijie Yan and Yuanjun Xiong and Dahua Lin",
	title = "Spatial Temporal Graph Convolutional Networks for Skeleton-Based Action Recognition",
	booktitle = "AAAI",
	pages = "3482–3489",
	year = "2018"
}

@inproceedings{ Deng-et-al:KDD2016,
	author = "Dingxiong Deng and Cyrus Shahabi and Ugur Demiryurek and Linhong Zhu and Rose Yu and Yan Liu",
	title = "Latent Space Model for Road Networks to Predict Time-Varying Traffic",
	booktitle = "KDD",
	year = "2016"
}

@inproceedings{ Nair-and-Hinton:ICML2010,
	author = "Vinod Nair and Geoffrey E. Hinton",
	title = "Rectified linear units improve restricted boltzmann machines",
	booktitle = "ICML",
	pages = "807-814",
	year = "2010"
}

@article{ Schuster-and-Paliwal:TSP1997,
	author = "Mike Schuster and Kuldip K. Paliwal",
	title = "Bidirectional Recurrent Neural Networks",
	journal = "IEEE Transactions on Signal Processing",
	volume = "45",
	number = "11",
	pages = "2673--2681",
	year = "1997"
}

@article{ Oord-et-al:arXiv2016, 
	author = "A{\"a}ron van den Oord and Sander Dieleman and Heiga Zen and Karen Simonyan and Oriol Vinyals and Alex Graves and Nal Kalchbrenner and Andrew Senior and Koray Kavukcuoglu", 
	title = "Wavenet: A generative model for raw audio", 
	journal = "arXiv preprint arXiv:1609.03499", 
	year = "2016"
}

@article{ Bai-et-al:arXiv2018, 
	author = "Shaojie Bai and J. Zico Kolter and Vladlen Koltun", 
	title = "An Empirical Evaluation of Generic Convolutional and Recurrent Networks for Sequence Modeling", 
	journal = "arXiv preprint arXiv:1803.01271", 
	year = "2018"
}

@inproceedings{ He-et-al:CVPR2016,
	author = "Kaiming He and Xiangyu Zhang and Shaoqing Ren and Jian Sun",
	title = "Deep residual learning for image recognition",
	booktitle = "CVPR",
	pages = "770-778",
	year = "2016"
}

@inproceedings{ Sutskever-et-al:NIPS2014,
	author = "Ilya Sutskever and Oriol Vinyals and Quoc V. Le",
	title = "Sequence to Sequence Learning with Neural Networks",
	booktitle = "NeurIPS",
	pages = "3104-3112",
	year = "2014"
}

@inproceedings{ Cho-et-al:EMNLP2014,
	author = "Kyunghyun Cho and Bart van Merrienboer and Caglar Gulcehre and Dzmitry Bahdanau and Fethi Bougares and Holger Schwenk and Yoshua Bengio",
	title = "Learning Phrase Representations using RNN Encoder–Decoder for Statistical Machine Translation",
	booktitle = "EMNLP",
	pages = "1724-1734",
	year = "2014"
}

@inproceedings{ Huang-et-al:CIKM2019,
	author = "Siteng Huang and Donglin Wang and Xuehan Wu and Ao Tang",
	title = "Dsanet: Dual self-attention network for multivariate time series forecasting",
	booktitle = "CIKM",
	pages = "2129-2132",
	year = "2019"
}

@inproceedings{ Chen-et-al:ICML2021,
	author = "Yuzhou Chen and Ignacio Segovia-Dominguez and Yulia R. Gel",
	title = "Z-GCNETs: Time Zigzags at Graph Convolutional Networks for Time Series Forecasting",
	booktitle = "ICML",
	year = "2021"
}

@inproceedings{ Kingma-and-Ba:ICLR2015,
	author = "Diederik P. Kingma and Jimmy Lei Ba",
	title = "Adam: a method for stochastic optimization",
	booktitle = "ICLR",
	year = "2015"
}

@book{ VAR:1994,
	author = "Hamilton, James Douglas",
	title = "Time series analysis",
	year = "1994",
	publisher = "Princeton university press"
}

@article{ Zheng-et-al:TITS2021,
	author = "Chuanpan Zheng and Cheng Wang and Xiaoliang Fan and Jianzhong Qi and Xu Yan",
	title = "STPC-Net: Learn Massive Geo-sensory Data as Spatio-Temporal Point Clouds",
	journal = "IEEE Transactions on Intelligent Transportation Systems",
	year = "2021"
}

@article{ Zhang-et-al:TITS2021,
	author = "Shaokun Zhang and Yao Guo and Peize Zhao and Chuanpan Zheng and Xiangqun Chen",
	title = "A Graph-Based Temporal Attention Framework for Multi-Sensor Traffic Flow Forecasting",
	journal = "IEEE Transactions on Intelligent Transportation Systems",
	year = "2021"
}

@inproceedings{ Ioffe-and-Szegedy:NIPS2016,
	author = "Sergey Ioffe and Christian Szegedy",
	title = "Batch Normalization: Accelerating Deep Network Training by Reducing Internal Covariate Shift",
	booktitle = "ICML",
	pages = "448-456",
	year = "2015"
}

@article{ Wang-et-al:TKDE2020,
	author = "Senzhang Wang and Jiannong Cao and Philip S. Yu",
	title = "Deep Learning for Spatio-Temporal Data Mining: A Survey",
	journal = "IEEE Transactions on Knowledge and Data Engineering",
	year = "2020"
}

@article{ Tedjopurnomo-et-al:TKDE2020,
	author = "David Alexander Tedjopurnomo and Zhifeng Bao and Baihua Zheng and Farhana Murtaza Choudhury and Kai Qin",
	title = "A Survey on Modern Deep Neural Network for Traffic Prediction: Trends, Methods and Challenges",
	journal = "IEEE Transactions on Knowledge and Data Engineering",
	year = "2020"
}

@article{ Zhang-et-al:TKDE2020,
	author = "Junbo Zhang and Yu Zheng and Junkai Sun and Dekang Qi",
	title = "Flow Prediction in Spatio-Temporal Networks Based on Multitask Deep Learning",
	journal = "IEEE Transactions on Knowledge and Data Engineering",
	volume = "32",
	number = "3",
	year = "2020"
}

@article{ Jiang-et-al:TKDE2021,
	author = "Renhe Jiang and Zekun Cai and Zhaonan Wang and Chuang Yang and Zipei Fan and Quanjun Chen and Kota Tsubouchi and Xuan Song and Ryosuke Shibasaki",
	title = "DeepCrowd: A Deep Model for Large-Scale Citywide Crowd Density and Flow Prediction",
	journal = "IEEE Transactions on Knowledge and Data Engineering",
	year = "2021"
}

@article{ Sun-et-al:TKDE2020,
	author = "Junkai Sun and Junbo Zhang and Qiaofei Li and Xiuwen Yi and Yuxuan Liang and Yu Zheng",
	title = "Predicting citywide crowd flows in irregular regions using multi-view graph convolutional networks",
	journal = "IEEE Transactions on Knowledge and Data Engineering",
	year = "2020"
}

@article{ Gu-et-al:TKDE2020,
	author = "Jingjing Gu and Qiang Zhou and Jingyuan Yang and Yanchi Liu and Fuzhen Zhuang and Yanchao Zhao and Hui Xiong",
	title = "Exploiting interpretable patterns for flow prediction in dockless bike sharing systems",
	journal = "IEEE Transactions on Knowledge and Data Engineering",
	year = "2020"
}

@article{ Guo-et-al:TKDE2021,
	author = "Shengnan Guo and Youfang Lin and Huaiyu Wan and Xiucheng Li and Gao Cong",
	title = "Learning Dynamics and Heterogeneity of Spatial-Temporal Graph Data for Traffic Forecasting",
	journal = "IEEE Transactions on Knowledge and Data Engineering",
	year = "2021"
}

@inproceedings{ Drucker-et-al:NIPS1997,
	author = "Harris Drucker and Chris J.C. Burges and Linda Kaufman and Alex Smola and Vladimir Vapoik",
	title = "Support Vector Regression Machines",
	booktitle = "NeurIPS",
	pages = "155-161",
	year = "1997"
}

@article{ Carlsson-and-Silva:2010,
	author = "Gunnar Carlsson and Vin de Silva",
	title = "Zigzag Persistence",
	journal = "Foundations of computational mathematics",
	volume = "10",
	pages = "367-405",
	year = "2010"
}
