@article{fowler2012surface,
  title={Surface codes: Towards practical large-scale quantum computation},
  author={Fowler, Austin G and Mariantoni, Matteo and Martinis, John M and Cleland, Andrew N},
  journal={Physical Review A},
  volume={86},
  number={3},
  pages={032324},
  year={2012},
  publisher={APS}
}

@misc{noauthor_list_2021,
	title = {List of quantum processors},
	copyright = {Creative Commons Attribution-ShareAlike License},
	url = {https://en.wikipedia.org/w/index.php?title=List_of_quantum_processors&oldid=1056384965},
	abstract = {This list contains quantum processors, also known as quantum processing units (QPUs). Some devices listed below have only been announced at press conferences so far, with no actual demonstrations or scientific publications characterizing the performance.},
	language = {en},
	urldate = {2021-11-21},
	journal = {Wikipedia},
	month = nov,
	year = {2021},
	note = {Page Version ID: 1056384965},
}

@article{Li2020TowardsES,
  title={Towards Efficient Superconducting Quantum Processor Architecture Design},
  author={Gushu Li and Yufei Ding and Yuan Xie},
  journal={Proceedings of the Twenty-Fifth International Conference on Architectural Support for Programming Languages and Operating Systems},
  year={2020}
}

@article{gidney2021stim,
  doi = {10.22331/q-2021-07-06-497},
  url = {https://doi.org/10.22331/q-2021-07-06-497},
  title = {Stim: a fast stabilizer circuit simulator},
  author = {Gidney, Craig},
  journal = {{Quantum}},
  issn = {2521-327X},
  publisher = {{Verein zur F{\"{o}}rderung des Open Access Publizierens in den Quantenwissenschaften}},
  volume = {5},
  pages = {497},
  month = jul,
  year = {2021}
}

@article{higgott2021pymatching,
  title={{PyMatching}: A Python package for decoding quantum codes with minimum-weight perfect matching},
  author={Higgott, Oscar},
  journal={arXiv preprint arXiv:2105.13082},
  year={2021}
}



@article{knill2000theory,
  title={Theory of quantum error correction for general noise},
  author={Knill, Emanuel and Laflamme, Raymond and Viola, Lorenza},
  journal={Physical Review Letters},
  volume={84},
  number={11},
  pages={2525},
  year={2000},
  publisher={APS}
}

@article{tuckett2020fault,
  title={Fault-tolerant thresholds for the surface code in excess of 5\% under biased noise},
  author={Tuckett, David K and Bartlett, Stephen D and Flammia, Steven T and Brown, Benjamin J},
  journal={Physical review letters},
  volume={124},
  number={13},
  pages={130501},
  year={2020},
  publisher={APS}
}

@article{varsamopoulos2019comparing,
  title={Comparing neural network based decoders for the surface code},
  author={Varsamopoulos, Savvas and Bertels, Koen and Almudever, Carmen Garcia},
  journal={IEEE Transactions on Computers},
  volume={69},
  number={2},
  pages={300--311},
  year={2019},
  publisher={IEEE}
}

@article{varsamopoulos2020decoding,
  title={Decoding surface code with a distributed neural network--based decoder},
  author={Varsamopoulos, Savvas and Bertels, Koen and Almudever, Carmen G},
  journal={Quantum Machine Intelligence},
  volume={2},
  number={1},
  pages={1--12},
  year={2020},
  publisher={Springer}
}

@article{yan2018tunable,
  title={Tunable coupling scheme for implementing high-fidelity two-qubit gates},
  author={Yan, Fei and Krantz, Philip and Sung, Youngkyu and Kjaergaard, Morten and Campbell, Daniel L and Orlando, Terry P and Gustavsson, Simon and Oliver, William D},
  journal={Physical Review Applied},
  volume={10},
  number={5},
  pages={054062},
  year={2018},
  publisher={APS}
}

@article{xu2020high,
  title={High-fidelity, high-scalability two-qubit gate scheme for superconducting qubits},
  author={Xu, Yuan and Chu, Ji and Yuan, Jiahao and Qiu, Jiawei and Zhou, Yuxuan and Zhang, Libo and Tan, Xinsheng and Yu, Yang and Liu, Song and Li, Jian and others},
  journal={Physical Review Letters},
  volume={125},
  number={24},
  pages={240503},
  year={2020},
  publisher={APS}
}

@article{heinsoo2018rapid,
  title={Rapid high-fidelity multiplexed readout of superconducting qubits},
  author={Heinsoo, Johannes and Andersen, Christian Kraglund and Remm, Ants and Krinner, Sebastian and Walter, Theodore and Salath{\'e}, Yves and Gasparinetti, Simone and Besse, Jean-Claude and Poto{\v{c}}nik, Anton and Wallraff, Andreas and others},
  journal={Physical Review Applied},
  volume={10},
  number={3},
  pages={034040},
  year={2018},
  publisher={APS}
}

@article{walter2017rapid,
  title={Rapid high-fidelity single-shot dispersive readout of superconducting qubits},
  author={Walter, Theodore and Kurpiers, Philipp and Gasparinetti, Simone and Magnard, Paul and Poto{\v{c}}nik, Anton and Salath{\'e}, Yves and Pechal, Marek and Mondal, Mintu and Oppliger, Markus and Eichler, Christopher and others},
  journal={Physical Review Applied},
  volume={7},
  number={5},
  pages={054020},
  year={2017},
  publisher={APS}
}

@misc{RigettiQPU,
   title = "{The Quantum Processing Unit (QPU)}",
   author = "{Rigetti}",
   howpublished = "https://www.rigetti.com/qpu",
   year=2018,
}

@misc{Intel49Q,
   title = "{CES 2018: Intel's 49-Qubit Chip Shoots for Quantum Supremacy}",
   author = "{J. Hsu}",
   howpublished = "https://spectrum.ieee.org/tech-talk/computing/hardware/intels-49qubit-chip-aims-for-quantum-supremacy",
   year=2018,
}

@misc{Google72Q,
   title = "{A Preview of Bristlecone, Google’s New Quantum Processor}",
   author = "{J. Kelly}",
   howpublished = "https://ai.googleblog.com/2018/03/a-preview-of-bristlecone-googles-new.html",
   year=2017,
}

@misc{IBM50Q,
   title = "{IBM Raises the Bar with a 50-Qubit Quantum Computer}",
   author = "{W. Knight}",
   howpublished = "https://www.technologyreview.com/s/609451/ibm-raises-the-bar-with-a-50-qubit-quantum-computer/",
   year=2017,
}

@article{biamonte2017quantum,
  title={Quantum machine learning},
  author={Biamonte, Jacob and Wittek, Peter and Pancotti, Nicola and Rebentrost, Patrick and Wiebe, Nathan and Lloyd, Seth},
  journal={Nature},
  volume={549},
  number={7671},
  pages={195--202},
  year={2017},
  publisher={Nature Publishing Group}
}


%%%%%%%%%%%%%%%%%%%% quantum computation applications %%%%%%%%%%%%%%%%%%%
@article{shor1999polynomial,
  title={Polynomial-time algorithms for prime factorization and discrete logarithms on a quantum computer},
  author={Shor, Peter W},
  journal={SIAM review},
  volume={41},
  number={2},
  pages={303--332},
  year={1999},
  publisher={SIAM}
}

@inproceedings{grover1996fast,
  title={A fast quantum mechanical algorithm for database search},
  author={Grover, Lov K},
  booktitle={Proceedings of the twenty-eighth annual ACM symposium on Theory of computing},
  pages={212--219},
  year={1996}
}

@article{schuld2015introduction,
  title={An introduction to quantum machine learning},
  author={Schuld, Maria and Sinayskiy, Ilya and Petruccione, Francesco},
  journal={Contemporary Physics},
  volume={56},
  number={2},
  pages={172--185},
  year={2015},
  publisher={Taylor \& Francis}
}

@article{Cao2019,
author = {Cao, Yudong and Romero, Jonathan and Olson, Jonathan P. and Degroote, Matthias and Johnson, Peter D. and Kieferov{\'{a}}, M{\'{a}}ria and Kivlichan, Ian D. and Menke, Tim and Peropadre, Borja and Sawaya, Nicolas P.D. and Sim, Sukin and Veis, Libor and Aspuru-Guzik, Al{\'{a}}n},
doi = {10.1021/acs.chemrev.8b00803},
issn = {15206890},
journal = {Chemical Reviews},
pages = {10856--10915},
pmid = {31469277},
title = {{Quantum Chemistry in the Age of Quantum Computing}},
url = {https://pubs.acs.org/doi/abs/10.1021/acs.chemrev.8b00803},
volume = {119},
year = {2019}
}


%%%%%%%%%%%%%%%%%%%%%%%% quantum error sources %%%%%%%%%%%%%%%%%%%%%%%%%%
@article{unruh1995maintaining,
  title={Maintaining coherence in quantum computers},
  author={Unruh, William G},
  journal={Physical Review A},
  volume={51},
  number={2},
  pages={992},
  year={1995},
  publisher={APS}
}

@article{raimond1996quantum,
  title={Quantum computing: dream or nightmare},
  author={Raimond, JM and Haroche, S},
  journal={Phys. Today},
  volume={49},
  number={8},
  pages={51--52},
  year={1996}
}

%%%%%%%%%%%%%%%%%%%%%%%%%%% fault tolerance %%%%%%%%%%%%%%%%%%%%%%%%%%%%%
@inproceedings{shor1996fault,
  title={Fault-tolerant quantum computation},
  author={Shor, Peter W},
  booktitle={Proceedings of 37th Conference on Foundations of Computer Science},
  pages={56--65},
  year={1996},
  organization={IEEE}
}

@incollection{preskill1998fault,
  title={Fault-tolerant quantum computation},
  author={Preskill, John},
  booktitle={Introduction to quantum computation and information},
  pages={213--269},
  year={1998},
  publisher={World Scientific}
}

@article{aharonov2008fault,
  title={Fault-tolerant quantum computation with constant error rate},
  author={Aharonov, Dorit and Ben-Or, Michael},
  journal={SIAM Journal on Computing},
  year={2008},
  publisher={SIAM}
}

@article{kitaev1997quantum,
  title={Quantum computations: algorithms and error correction},
  author={Kitaev, Aleksei Yur'evich},
  journal={Uspekhi Matematicheskikh Nauk},
  volume={52},
  number={6},
  pages={53--112},
  year={1997},
  publisher={Russian Academy of Sciences, Steklov Mathematical Institute of Russian~…}
}

@article{knill1998resilient,
  title={Resilient quantum computation: error models and thresholds},
  author={Knill, Emanuel and Laflamme, Raymond and Zurek, Wojciech H},
  journal={Proceedings of the Royal Society of London. Series A: Mathematical, Physical and Engineering Sciences},
  volume={454},
  number={1969},
  pages={365--384},
  year={1998},
  publisher={The Royal Society}
}

@article{preskill1998reliable,
  title={Reliable quantum computers},
  author={Preskill, John},
  journal={Proceedings of the Royal Society of London. Series A: Mathematical, Physical and Engineering Sciences},
  volume={454},
  number={1969},
  pages={385--410},
  year={1998},
  publisher={The Royal Society}
}

@book{gottesman1997stabilizer,
  title={Stabilizer codes and quantum error correction},
  author={Gottesman, Daniel},
  year={1997},
  publisher={California Institute of Technology}
}

@article{aliferis2005quantum,
  title={Quantum accuracy threshold for concatenated distance-3 codes},
  author={Aliferis, Panos and Gottesman, Daniel and Preskill, John},
  journal={arXiv preprint quant-ph/0504218},
  year={2005}
}

@inproceedings{reichardt2006fault,
  title={Fault-tolerance threshold for a distance-three quantum code},
  author={Reichardt, Ben W},
  booktitle={International Colloquium on Automata, Languages, and Programming},
  pages={50--61},
  year={2006},
  organization={Springer}
}

@article{nielsen2001quantum,
  title={Quantum computation and quantum information},
  author={Nielsen, Michael A and Chuang, Isaac L},
  journal={Phys. Today},
  volume={54},
  number={2},
  pages={60},
  year={2001}
}

%%%%%%%%%%%%%%%%%%%%% quantum error correction %%%%%%%%%%%%%%%%%%%%%%%%%%
@article{roffe2019quantum,
  title={Quantum error correction: an introductory guide},
  author={Roffe, Joschka},
  journal={Contemporary Physics},
  volume={60},
  number={3},
  pages={226--245},
  year={2019},
  publisher={Taylor \& Francis}
}

@article{shor1995scheme,
  title={Scheme for reducing decoherence in quantum computer memory},
  author={Shor, Peter W},
  journal={Physical review A},
  volume={52},
  number={4},
  pages={R2493},
  year={1995},
  publisher={APS}
}

@article{steane1996error,
  title={Error correcting codes in quantum theory},
  author={Steane, Andrew M},
  journal={Physical Review Letters},
  volume={77},
  number={5},
  pages={793},
  year={1996},
  publisher={APS}
}

@article{bennett1996mixed,
  title={Mixed-state entanglement and quantum error correction},
  author={Bennett, Charles H and DiVincenzo, David P and Smolin, John A and Wootters, William K},
  journal={Physical Review A},
  volume={54},
  number={5},
  pages={3824},
  year={1996},
  publisher={APS}
}

@article{laflamme1996perfect,
  title={Perfect quantum error correcting code},
  author={Laflamme, Raymond and Miquel, Cesar and Paz, Juan Pablo and Zurek, Wojciech Hubert},
  journal={Physical Review Letters},
  volume={77},
  number={1},
  pages={198},
  year={1996},
  publisher={APS}
}

@article{gottesman1996class,
  title={Class of quantum error-correcting codes saturating the quantum Hamming bound},
  author={Gottesman, Daniel},
  journal={Physical Review A},
  volume={54},
  number={3},
  pages={1862},
  year={1996},
  publisher={APS}
}

@article{calderbank1996good,
  title={Good quantum error-correcting codes exist},
  author={Calderbank, A Robert and Shor, Peter W},
  journal={Physical Review A},
  volume={54},
  number={2},
  pages={1098},
  year={1996},
  publisher={APS}
}

@article{steane1996multiple,
  title={Multiple-particle interference and quantum error correction},
  author={Steane, Andrew},
  journal={Proceedings of the Royal Society of London. Series A: Mathematical, Physical and Engineering Sciences},
  volume={452},
  number={1954},
  pages={2551--2577},
  year={1996},
  publisher={The Royal Society London}
}

%%%%%%%%%%%%%%%%%%%%%%%%%%% stablizer codes %%%%%%%%%%%%%%%%%%%%%%%%%%%%%
@article{calderbank1997quantum,
  title={Quantum error correction and orthogonal geometry},
  author={Calderbank, A Robert and Rains, Eric M and Shor, Peter W and Sloane, Neil JA},
  journal={Physical Review Letters},
  volume={78},
  number={3},
  pages={405},
  year={1997},
  publisher={APS}
}

@article{calderbank1998quantum,
  title={Quantum error correction via codes over GF (4)},
  author={Calderbank, A Robert and Rains, Eric M and Shor, PM and Sloane, Neil JA},
  journal={IEEE Transactions on Information Theory},
  volume={44},
  number={4},
  pages={1369--1387},
  year={1998},
  publisher={IEEE}
}

@article{steane1999quantum,
  title={Quantum reed-muller codes},
  author={Steane, Andrew M},
  journal={IEEE Transactions on Information Theory},
  volume={45},
  number={5},
  pages={1701--1703},
  year={1999},
  publisher={IEEE}
}

@article{steane1999enlargement,
  title={Enlargement of calderbank-shor-steane quantum codes},
  author={Steane, Andrew M},
  journal={IEEE Transactions on Information Theory},
  volume={45},
  number={7},
  pages={2492--2495},
  year={1999},
  publisher={IEEE}
}

%%%%%%%%%%%%%%%%%%%%%%%%%%%% surface code %%%%%%%%%%%%%%%%%%%%%%%%%%%%%%%
@article{bravyi1998quantum,
  title={Quantum codes on a lattice with boundary},
  author={Bravyi, Sergey B and Kitaev, A Yu},
  journal={arXiv preprint quant-ph/9811052},
  year={1998}
}

@article{dennis2002topological,
  title={Topological quantum memory},
  author={Dennis, Eric and Kitaev, Alexei and Landahl, Andrew and Preskill, John},
  journal={Journal of Mathematical Physics},
  volume={43},
  number={9},
  pages={4452--4505},
  year={2002},
  publisher={American Institute of Physics}
}

@article{barends2014superconducting,
  title={Superconducting quantum circuits at the surface code threshold for fault tolerance},
  author={Barends, Rami and Kelly, Julian and Megrant, Anthony and Veitia, Andrzej and Sank, Daniel and Jeffrey, Evan and White, Ted C and Mutus, Josh and Fowler, Austin G and Campbell, Brooks and others},
  journal={Nature},
  volume={508},
  number={7497},
  pages={500--503},
  year={2014},
  publisher={Nature Publishing Group}
}

%%%%%%%%%%%%%%%%%%%%%%%%%% quantum devices %%%%%%%%%%%%%%%%%%%%%%%%%%%%%%
@article{zhang2020high,
  title={High-fidelity superconducting quantum processors via laser-annealing of transmon qubits},
  author={Zhang, Eric J and Srinivasan, Srikanth and Sundaresan, Neereja and Bogorin, Daniela F and Martin, Yves and Hertzberg, Jared B and Timmerwilke, John and Pritchett, Emily J and Yau, Jeng-Bang and Wang, Cindy and others},
  journal={arXiv preprint arXiv:2012.08475},
  year={2020}
}

@article{gold2021experimental,
  title={Experimental demonstration of entangling gates across chips in a multi-core QPU},
  author={Gold, Alysson and Stockklauser, Anna and Reagor, Matt and Paquette, Jean-Philip and Bestwick, Andrew and Winkleblack, Cody James and Scharmann, Ben and Oruc, Feyza and Langley, Brandon},
  journal={Bulletin of the American Physical Society},
  year={2021},
  publisher={APS}
}

@article{Arute2019QuantumSU,
  title={Quantum supremacy using a programmable superconducting processor},
  author={F. Arute and K. Arya and R. Babbush and D. Bacon and J. Bardin and R. Barends and R. Biswas and S. Boixo and F. Brand{\~a}o and D. Buell and B. Burkett and Y. Chen and Zijun Chen and B. Chiaro and R. Collins and W. Courtney and A. Dunsworth and E. Farhi and B. Foxen and A. Fowler and C. Gidney and M. Giustina and R. Graff and Keith Guerin and Steve Habegger and M. Harrigan and M. Hartmann and A. Ho and M. Hoffmann and Trent Huang and T. Humble and S. Isakov and E. Jeffrey and Zhang Jiang and D. Kafri and K. Kechedzhi and J. Kelly and P. Klimov and S. Knysh and A. Korotkov and F. Kostritsa and D. Landhuis and Mike Lindmark and E. Lucero and Dmitry I. Lyakh and Salvatore Mandr{\`a} and J. McClean and M. McEwen and A. Megrant and X. Mi and K. Michielsen and M. Mohseni and J. Mutus and O. Naaman and M. Neeley and C. Neill and M. Niu and E. Ostby and A. Petukhov and John C. Platt and C. Quintana and E. Rieffel and P. Roushan and N. Rubin and D. Sank and K. Satzinger and V. Smelyanskiy and Kevin J. Sung and M. Trevithick and A. Vainsencher and B. Villalonga and T. White and Z. Yao and P. Yeh and Adam Zalcman and H. Neven and J. Martinis},
  journal={Nature},
  year={2019},
  volume={574},
  pages={505-510}
}

@article{Jurcevic2020DemonstrationOQ,
  title={Demonstration of quantum volume 64 on a superconducting quantum computing system},
  author={P. Jurcevic and Ali Javadi-Abhari and L. Bishop and I. Lauer and D. Bogorin and M. Brink and L. Capelluto and O. G{\"u}nl{\"u}k and Toshinari Itoko and Naoki Kanazawa and A. Kandala and G. Keefe and Kevin D Krsulich and W. Landers and E. Lewandowski and D. McClure and G. Nannicini and Adinath Narasgond and H. Nayfeh and E. Pritchett and M. Rothwell and S. Srinivasan and N. Sundaresan and Cindy Wang and K. X. Wei and C. J. Wood and J. Yau and E. Zhang and O. Dial and J. Chow and J. Gambetta},
  journal={Quantum Science \& Technology},
  year={2020},
  volume={6}
}

%%%%%%%%%%%%%%%%%%%%%%%%%%% circuit mapping %%%%%%%%%%%%%%%%%%%%%%%%%%%%%
@article{zulehner2018efficient,
  title={An efficient methodology for mapping quantum circuits to the IBM QX architectures},
  author={Zulehner, Alwin and Paler, Alexandru and Wille, Robert},
  journal={IEEE Transactions on Computer-Aided Design of Integrated Circuits and Systems},
  volume={38},
  number={7},
  pages={1226--1236},
  year={2018},
  publisher={IEEE}
}

@inproceedings{wille2019mapping,
  title={Mapping quantum circuits to IBM QX architectures using the minimal number of SWAP and H operations},
  author={Wille, Robert and Burgholzer, Lukas and Zulehner, Alwin},
  booktitle={2019 56th ACM/IEEE Design Automation Conference (DAC)},
  pages={1--6},
  year={2019},
  organization={IEEE}
}

@inproceedings{siraichi2018qubit,
  title={Qubit allocation},
  author={Siraichi, Marcos Yukio and Santos, Vin{\'\i}cius Fernandes dos and Collange, Sylvain and Pereira, Fernando Magno Quint{\~a}o},
  booktitle={Proceedings of the 2018 International Symposium on Code Generation and Optimization},
  pages={113--125},
  year={2018}
}

@article{finigan2018qubit,
  title={Qubit allocation for noisy intermediate-scale quantum computers},
  author={Finigan, Will and Cubeddu, Michael and Lively, Thomas and Flick, Johannes and Narang, Prineha},
  journal={arXiv preprint arXiv:1810.08291},
  year={2018}
}

@inproceedings{li2019tackling,
  title={Tackling the qubit mapping problem for NISQ-era quantum devices},
  author={Li, Gushu and Ding, Yufei and Xie, Yuan},
  booktitle={Proceedings of the Twenty-Fourth International Conference on Architectural Support for Programming Languages and Operating Systems},
  pages={1001--1014},
  year={2019}
}

@article{Tannu2019NotAQ,
  title={Not All Qubits Are Created Equal: A Case for Variability-Aware Policies for NISQ-Era Quantum Computers},
  author={Swamit S. Tannu and M. Qureshi},
  journal={Proceedings of the Twenty-Fourth International Conference on Architectural Support for Programming Languages and Operating Systems},
  year={2019}
}

@inproceedings{tannu2019mitigating,
  title={Mitigating measurement errors in quantum computers by exploiting state-dependent bias},
  author={Tannu, Swamit S and Qureshi, Moinuddin K},
  booktitle={Proceedings of the 52nd Annual IEEE/ACM International Symposium on Microarchitecture},
  pages={279--290},
  year={2019}
}

@article{guerreschi2019scheduler,
author = {Guerreschi, Gian Giacomo},
journal = {arXiv:1912.00035},
title = {{Scheduler of quantum circuits based on dynamical pattern improvement and its application to hardware design}},
url = {http://arxiv.org/abs/1912.00035},
year = {2019}
}







%%%%%%%%%%%%%%%%%%%%%%%%%%%%%%%%  unused  %%%%%%%%%%%%%%%%%%%%%%%%%%%%%%%
@article{Lao2020FaulttolerantQE,
  title={Fault-tolerant quantum error correction on near-term quantum processors using flag and bridge qubits},
  author={L. Lao and C. G. Almud{\'e}ver},
  journal={Physical Review A},
  year={2020},
  volume={101},
  pages={032333}
}
@article{Chao2017FaulttolerantQC,
  title={Fault-tolerant quantum computation with few qubits},
  author={R. Chao and B. Reichardt},
  journal={npj Quantum Information},
  year={2017},
  volume={4},
  pages={1-8}
}
@article{Chao2018QuantumEC,
  title={Quantum Error Correction with Only Two Extra Qubits.},
  author={R. Chao and B. Reichardt},
  journal={Physical review letters},
  year={2018},
  volume={121 5},
  pages={
          050502
        }
}
@article{Chao2019FlagFE,
  title={Flag fault-tolerant error correction for any stabilizer code},
  author={R. Chao and B. Reichardt},
  journal={arXiv: Quantum Physics},
  year={2019}
}
@article{Chamberland2017FLAGFE,
  title={FLAG FAULT-TOLERANT ERROR CORRECTION WITH ARBITRARY DISTANCE CODES},
  author={C. Chamberland and M. Beverland},
  journal={arXiv: Quantum Physics},
  year={2017},
  volume={2},
  pages={53}
}
@article{Reichardt2018FaulttolerantQE,
  title={Fault-tolerant quantum error correction for Steane's seven-qubit color code with few or no extra qubits.},
  author={B. Reichardt},
  journal={arXiv: Quantum Physics},
  year={2018}
}
@article{Chamberland2020TopologicalAS,
  title={Topological and Subsystem Codes on Low-Degree Graphs with Flag Qubits},
  author={C. Chamberland and Guanyu Zhu and Theodore J. Yoder and J. Hertzberg and A. Cross},
  journal={Physical Review X},
  year={2020},
  volume={10}
}
@article{Chamberland2019TriangularCC,
  title={Triangular color codes on trivalent graphs with flag qubits},
  author={C. Chamberland and Aleksander Kubica and Theodore J. Yoder and Guanyu Zhu},
  journal={arXiv: Quantum Physics},
  year={2019}
}
@article{Bermdez2019FaulttolerantPO,
  title={Fault-tolerant protection of near-term trapped-ion topological qubits under realistic noise sources},
  author={A. Berm{\'u}dez and X. Xu and M. Guti'errez and S. Benjamin and M. Muller},
  journal={Physical Review A},
  year={2019},
  volume={100},
  pages={062307}
}
@article{Wootton2017ProposalFA,
  title={Proposal for a minimal surface code experiment},
  author={James R. Wootton and Andreas Peter and J. R. Winkler and D. Loss},
  journal={Physical Review A},
  year={2017},
  volume={96},
  pages={032338}
}
@article{Versluis2016ScalableQC,
  title={Scalable Quantum Circuit and Control for a Superconducting Surface Code},
  author={R. Versluis and S. Poletto and N. Khammassi and N. Haider and D. Michalak and A. Bruno and K. Bertels and L. DiCarlo},
  journal={Physical review applied},
  year={2016},
  volume={8},
  pages={034021}
}
@article{Andersen2019RepeatedQE,
  title={Repeated quantum error detection in a surface code},
  author={C. K. Andersen and A. Remm and S. Lazar and S. Krinner and N. Lacroix and G. Norris and M. Gabureac and C. Eichler and A. Wallraff},
  journal={Nature Physics},
  year={2019},
  pages={1-6}
}
@article{Duckering2020VirtualizedLQ,
  title={Virtualized Logical Qubits: A 2.5D Architecture for Error-Corrected Quantum Computing},
  author={Casey Duckering and Jonathan M. Baker and D. Schuster and F. Chong},
  journal={2020 53rd Annual IEEE/ACM International Symposium on Microarchitecture (MICRO)},
  year={2020},
  pages={173-185}
}



@misc{nielsen2002quantum,
  title={Quantum computation and quantum information},
  author={Nielsen, Michael A and Chuang, Isaac},
  year={2002},
  publisher={American Association of Physics Teachers}
}

@article{JavadiAbhari2017OptimizedSC,
  title={Optimized Surface Code Communication in Superconducting Quantum Computers},
  author={Ali JavadiAbhari and Pranav Gokhale and Adam Holmes and Diana Franklin and Kenneth R. Brown and Margaret Martonosi and Frederic T. Chong},
  journal={2017 50th Annual IEEE/ACM International Symposium on Microarchitecture (MICRO)},
  year={2017},
  pages={692-705}
}

@article{Paik2011ObservationOH,
  title={Observation of high coherence in Josephson junction qubits measured in a three-dimensional circuit QED architecture.},
  author={Hanhee Paik and David I. Schuster and Lev Bishop and Gerhard Kirchmair and Gianluigi Catelani and Adam P. Sears and B. R. Johnson and Matthew Reagor and Luigi Frunzio and Leonid I. Glazman and Steven M. Girvin and Michel H. Devoret and Robert J. Schoelkopf},
  journal={Physical review letters},
  year={2011},
  volume={107 24},
  pages={
          240501
        }
}

@article{Chen2014QubitAW,
  title={Qubit Architecture with High Coherence and Fast Tunable Coupling.},
  author={Yu Chen and Charles J. Neill and Pedram Roushan and Nelson Leung and Michael Fang and Rami Barends and Julian Kelly and Brooks Campbell and Z Chen and Benjamin Chiaro and Andrew Dunsworth and Evan Jeffrey and Anthony Megrant and Josh Mutus and P. J. J. O’Malley and Chris Quintana and Daniel Thomas Sank and Amit Vainsencher and J. Wenner and Theodore White and Michael R. Geller and Andrew N Cleland and John M. Martinis},
  journal={Physical review letters},
  year={2014},
  volume={113 22},
  pages={
          220502
        }
}

@article{DiVincenzo2000ThePI,
  title={The Physical Implementation of Quantum Computation},
  author={David P. DiVincenzo and Ibm},
  journal={Protein Science},
  year={2000},
  volume={48},
  pages={771-783}
}

@article{AsselmeyerMaluga20213DTQ,
  title={3D topological quantum computing},
  author={Torsten Asselmeyer-Maluga},
  journal={International Journal of Quantum Information},
  year={2021}
}

@article{Kok2007LinearOQ,
  title={Linear optical quantum computing with photonic qubits},
  author={Pieter Kok and William J. Munro and Kae Nemoto and Timothy C. Ralph and Jonathan P. Dowling and Gerard J. Milburn},
  journal={Reviews of Modern Physics},
  year={2007},
  volume={79},
  pages={135-174}
}

@article{Ding2018MagicStateFU,
  title={Magic-State Functional Units: Mapping and Scheduling Multi-Level Distillation Circuits for Fault-Tolerant Quantum Architectures},
  author={Yongshan Ding and Adam Holmes and Ali JavadiAbhari and Diana Franklin and Margaret Martonosi and Frederic T. Chong},
  journal={2018 51st Annual IEEE/ACM International Symposium on Microarchitecture (MICRO)},
  year={2018},
  pages={828-840}
}

@article{Paler2019SurfBraidAC,
  title={SurfBraid: A concept tool for preparing and resource estimating quantum circuits protected by the surface code},
  author={Alexandru Paler},
  journal={ArXiv},
  year={2019},
  volume={abs/1902.02417}
}

@article{Tannu2017TamingTI,
  title={Taming the Instruction Bandwidth of Quantum Computers via Hardware-Managed Error Correction},
  author={Swamit S. Tannu and Zachary Myers and Prashant J. Nair and Douglas M. Carmean and Moinuddin K. Qureshi},
  journal={2017 50th Annual IEEE/ACM International Symposium on Microarchitecture (MICRO)},
  year={2017},
  pages={679-691}
}

@article{Hua2021AutoBraidAF,
  title={AutoBraid: A Framework for Enabling Efficient Surface Code Communication in Quantum Computing},
  author={Fei Hua and Yan-Hao Chen and Yuwei Jin and Chi Zhang and Ari B. Hayes and Youtao Zhang and Eddy Z. Zhang},
  journal={MICRO-54: 54th Annual IEEE/ACM International Symposium on Microarchitecture},
  year={2021}
}

@inproceedings{murali2019noise,
  title={Noise-adaptive compiler mappings for noisy intermediate-scale quantum computers},
  author={Murali, Prakash and Baker, Jonathan M and Javadi-Abhari, Ali and Chong, Frederic T and Martonosi, Margaret},
  booktitle={Proceedings of the Twenty-Fourth International Conference on Architectural Support for Programming Languages and Operating Systems},
  pages={1015--1029},
  year={2019}
}

@inproceedings{tan2020optimal,
  title={Optimal layout synthesis for quantum computing},
  author={Tan, Bochen and Cong, Jason},
  booktitle={2020 IEEE/ACM International Conference On Computer Aided Design (ICCAD)},
  pages={1--9},
  year={2020},
  organization={IEEE}
}

@article{Varsamopoulos2017DecodingSS,
  title={Decoding Small Surface Codes with Feedforward Neural Networks},
  author={S. Varsamopoulos and B. Criger and K. Bertels},
  journal={arXiv: Quantum Physics},
  year={2017}
}

@article{Krastanov2017DeepNN,
  title={Deep Neural Network Probabilistic Decoder for Stabilizer Codes},
  author={Stefan Krastanov and Liang Jiang},
  journal={Scientific Reports},
  year={2017},
  volume={7}
}

@article{Baireuther2017MachinelearningassistedCO,
  title={Machine-learning-assisted correction of correlated qubit errors in a topological code},
  author={P. Baireuther and T. O'Brien and B. Tarasinski and C. Beenakker},
  journal={arXiv: Quantum Physics},
  year={2017}
}