% Encoding: UTF-8

@Article{mosteller1963inference,
  author    = {Mosteller, Frederick and Wallace, David L},
  title     = {{Inference in an authorship problem: A comparative study of discrimination methods applied to the authorship of the disputed Federalist Papers}},
  journal   = {Journal of the American Statistical Association},
  year      = {1963},
  volume    = {58},
  number    = {302},
  pages     = {275--309},
  publisher = {Taylor \& Francis Group},
}

@Article{yu2017refining,
  title={{Refining word embeddings using intensity scores for sentiment analysis}},
  author={Yu, Liang-Chih and Wang, Jin and Lai, K Robert and Zhang, Xuejie},
  journal={IEEE/ACM Transactions on Audio, Speech, and Language Processing},
  volume={26},
  number={3},
  pages={671--681},
  year={2017},
  publisher={IEEE}
}

@Article{abbasi2008writeprints,
  author    = {Abbasi, Ahmed and Chen, Hsinchun},
  title     = {{Writeprints: A stylometric approach to identity-level identification and similarity detection in cyberspace}},
  journal   = {ACM Transactions on Information Systems (TOIS)},
  year      = {2008},
  volume    = {26},
  number    = {2},
  pages     = {7},
  publisher = {ACM},
}

@Article{ruder2016character,
  author  = {Ruder, Sebastian and Ghaffari, Parsa and Breslin, John G},
  title   = {{Character-level and multi-channel convolutional neural networks for large-scale authorship attribution}},
  journal = {arXiv preprint arXiv:1609.06686},
  year    = {2016},
}

@Article{mahmood2019girl,
  author    = {Mahmood, Asad and Ahmad, Faizan and Shafiq, Zubair and Srinivasan, Padmini and Zaffar, Fareed},
  title     = {{A Girl Has No Name: Automated Authorship Obfuscation using Mutant-X}},
  journal   = {Proceedings on Privacy Enhancing Technologies},
  year      = {2019},
  volume    = {2019},
  number    = {4},
  pages     = {54--71},
  publisher = {Sciendo},
}

@InProceedings{shetty2018a4nt,
  author    = {Shetty, Rakshith and Schiele, Bernt and Fritz, Mario},
  title     = {{A4NT: author attribute anonymity by adversarial training of neural machine translation}},
  booktitle = {27th {USENIX} Security Symposium ({USENIX} Security 18)},
  year      = {2018},
  pages     = {1633--1650},
}

@InProceedings{karadzhov2017case,
  author       = {Karadzhov, Georgi and Mihaylova, Tsvetomila and Kiprov, Yasen and Georgiev, Georgi and Koychev, Ivan and Nakov, Preslav},
  title        = {{The case for being average: A mediocrity approach to style masking and author obfuscation}},
  booktitle    = {International Conference of the Cross-Language Evaluation Forum for European Languages},
  year         = {2017},
  pages        = {173--185},
  organization = {Springer},
}

@InProceedings{juola2012detecting,
  author       = {Juola, Patrick},
  title        = {Detecting stylistic deception},
  booktitle    = {Proceedings of the Workshop on Computational Approaches to Deception Detection},
  year         = {2012},
  pages        = {91--96},
  organization = {Association for Computational Linguistics},
}

@InProceedings{bevendorff2019heuristic,
  author    = {Bevendorff, Janek and Potthast, Martin and Hagen, Matthias and Stein, Benno},
  title     = {{Heuristic Authorship Obfuscation}},
  booktitle = {Proceedings of the 57th Conference of the Association for Computational Linguistics},
  year      = {2019},
  pages     = {1098--1108},
}

@Article{emmery2018style,
  author  = {Emmery, Chris and Manjavacas, Enrique and Chrupa{\l}a, Grzegorz},
  title   = {{Style Obfuscation by Invariance}},
  journal = {27th International Conference on Computational Linguistics},
  year    = {2018},
}

@inproceedings{gehrmann2019gltr,
author = {Gehrmann, Sebastian and Strobelt, Hendrik and Rush, Alexander},
year = {2019},
month = {01},
pages = {111-116},
title = {{GLTR}: Statistical Detection and Visualization of Generated Text},
doi = {10.18653/v1/P19-3019}
}

@Article{brennan2012adversarial,
  author    = {Brennan, Michael and Afroz, Sadia and Greenstadt, Rachel},
  title     = {{Adversarial stylometry: Circumventing authorship recognition to preserve privacy and anonymity}},
  journal   = {ACM Transactions on Information and System Security (TISSEC)},
  year      = {2012},
  volume    = {15},
  number    = {3},
  pages     = {12},
  publisher = {ACM},
}

@InProceedings{mcdonald2012use,
  author       = {McDonald, Andrew WE and Afroz, Sadia and Caliskan, Aylin and Stolerman, Ariel and Greenstadt, Rachel},
  title        = {{Use fewer instances of the letter “i”: Toward writing style anonymization}},
  booktitle    = {International Symposium on Privacy Enhancing Technologies Symposium},
  year         = {2012},
  pages        = {299--318},
  organization = {Springer},
}


@InProceedings{mikolov2013distributed,
  author    = {Mikolov, Tomas and Sutskever, Ilya and Chen, Kai and Corrado, Greg S and Dean, Jeff},
  title     = {Distributed representations of words and phrases and their compositionality},
  booktitle = {Advances in neural information processing systems},
  year      = {2013},
  pages     = {3111--3119},
}

@Article{radford2019language,
  author  = {Radford, Alec and Wu, Jeffrey and Child, Rewon and Luan, David and Amodei, Dario and Sutskever, Ilya},
  title   = {Language models are unsupervised multitask learners},
  journal = {OpenAI Blog},
  year    = {2019},
  volume  = {1},
  number  = {8},
}

@InProceedings{shahid2017accurate,
  author       = {Shahid, Usman and Farooqi, Shehroze and Ahmad, Raza and Shafiq, Zubair and Srinivasan, Padmini and Zaffar, Fareed},
  title        = {Accurate detection of automatically spun content via stylometric analysis},
  booktitle    = {2017 IEEE International Conference on Data Mining (ICDM)},
  year         = {2017},
  pages        = {425--434},
  organization = {IEEE},
}

@InProceedings{afroz2012detecting,
  author       = {Afroz, Sadia and Brennan, Michael and Greenstadt, Rachel},
  title        = {Detecting hoaxes, frauds, and deception in writing style online},
  booktitle    = {2012 IEEE Symposium on Security and Privacy},
  year         = {2012},
  pages        = {461--475},
  organization = {IEEE},
}

@Article{zheng2006framework,
  author    = {Zheng, Rong and Li, Jiexun and Chen, Hsinchun and Huang, Zan},
  title     = {{A framework for authorship identification of online messages: Writing-style features and classification techniques}},
  journal   = {Journal of the American society for information science and technology},
  year      = {2006},
  volume    = {57},
  number    = {3},
  pages     = {378--393},
  publisher = {Wiley Online Library},
}

@InProceedings{burgoon2003detecting,
  author       = {Burgoon, Judee K and Blair, J Pete and Qin, Tiantian and Nunamaker, Jay F},
  title        = {Detecting deception through linguistic analysis},
  booktitle    = {International Conference on Intelligence and Security Informatics},
  year         = {2003},
  pages        = {91--101},
  organization = {Springer},
}

@Article{hancock2007lying,
  author    = {Hancock, Jeffrey T and Curry, Lauren E and Goorha, Saurabh and Woodworth, Michael},
  title     = {{On lying and being lied to: A linguistic analysis of deception in computer-mediated communication}},
  journal   = {Discourse Processes},
  year      = {2007},
  volume    = {45},
  number    = {1},
  pages     = {1--23},
  publisher = {Taylor \& Francis},
}

@InProceedings{brennan2009practical,
  author    = {Brennan, Michael Robert and Greenstadt, Rachel},
  title     = {Practical attacks against authorship recognition techniques},
  booktitle = {Twenty-First IAAI Conference},
  year      = {2009},
}

@InProceedings{vaswani2017attention,
  author    = {Vaswani, Ashish and Shazeer, Noam and Parmar, Niki and Uszkoreit, Jakob and Jones, Llion and Gomez, Aidan N and Kaiser, {\L}ukasz and Polosukhin, Illia},
  title     = {Attention is all you need},
  booktitle = {Advances in neural information processing systems},
  year      = {2017},
  pages     = {5998--6008},
}

@Article{overdorf2016blogs,
  author    = {Overdorf, Rebekah and Greenstadt, Rachel},
  title     = {Blogs, twitter feeds, and reddit comments: Cross-domain authorship attribution},
  journal   = {Proceedings on Privacy Enhancing Technologies},
  year      = {2016},
  volume    = {2016},
  number    = {3},
  pages     = {155--171},
  publisher = {De Gruyter Open},
}

@InProceedings{narayanan2012feasibility,
  author       = {Narayanan, Arvind and Paskov, Hristo and Gong, Neil Zhenqiang and Bethencourt, John and Stefanov, Emil and Shin, Eui Chul Richard and Song, Dawn},
  title        = {On the feasibility of internet-scale author identification},
  booktitle    = {2012 IEEE Symposium on Security and Privacy},
  year         = {2012},
  pages        = {300--314},
  organization = {IEEE},
}

@Article{times2018part,
  author  = {Times, NY},
  title   = {I am part of the resistance inside the Trump administration},
  journal = {NY Times. Retrieved from https://www. nytimes. com/2018/09/05/.../trump-white-house-anonymous-resistance. html},
  year    = {2018},
}

@Misc{amazon18employeeletter,
  author = {Anonymous},
  title  = {{I'm an Amazon Employee. My Company Shouldn't Sell Facial Recognition Tech to Police}},
  year   = {2018},
}

@Misc{microsoft18employeeletter,
  author       = {Anonymous},
  title        = {{An Open Letter to Microsoft: Don't Bid on the US Military's Project JEDI}},
  howpublished = {\url{https://medium.com/s/story/an-open-letter-to-microsoft-dont-bid-on-the-us-military-s-project-jedi-7279338b7132}},
  year         = {2018},
}

@Article{zellers2019defending,
  author  = {Zellers, Rowan and Holtzman, Ari and Rashkin, Hannah and Bisk, Yonatan and Farhadi, Ali and Roesner, Franziska and Choi, Yejin},
  title   = {Defending Against Neural Fake News},
  journal = {Conference on Neural Information Processing Systems (NeurIPS)},
  year    = {2019},
}

@InProceedings{hershey2017cnn,
  author       = {Hershey, Shawn and Chaudhuri, Sourish and Ellis, Daniel PW and Gemmeke, Jort F and Jansen, Aren and Moore, R Channing and Plakal, Manoj and Platt, Devin and Saurous, Rif A and Seybold, Bryan and others},
  title        = {{CNN architectures for large-scale audio classification}},
  booktitle    = {2017 IEEE international conference on acoustics, speech and signal processing (icassp)},
  year         = {2017},
  pages        = {131--135},
  organization = {IEEE},
}

@Article{simonyan2014very,
  author  = {Simonyan, Karen and Zisserman, Andrew},
  title   = {Very deep convolutional networks for large-scale image recognition},
  journal = {arXiv preprint arXiv:1409.1556},
  year    = {2014},
}

@Article{devlin2018bert,
  author  = {Devlin, Jacob and Chang, Ming-Wei and Lee, Kenton and Toutanova, Kristina},
  title   = {{BERT}: Pre-training of deep bidirectional transformers for language understanding},
  journal = {arXiv preprint arXiv:1810.04805},
  year    = {2018},
}

@Article{bakhtin2019real,
  author  = {Bakhtin, Anton and Gross, Sam and Ott, Myle and Deng, Yuntian and Ranzato, Marc'Aurelio and Szlam, Arthur},
  title   = {{Real or Fake? Learning to Discriminate Machine from Human Generated Text}},
  journal = {arXiv preprint arXiv:1906.03351},
  year    = {2019},
}

@Article{Brennan2012,
  author    = {Brennan, Michael and Afroz, Sadia and Greenstadt, Rachel},
  title     = {Adversarial stylometry: Circumventing authorship recognition to preserve privacy and anonymity},
  journal   = {ACM Transactions on Information and System Security (TISSEC)},
  year      = {2012},
  volume    = {15},
  number    = {3},
  pages     = {12},
  publisher = {ACM},
}

@InProceedings{schler2006effects,
  author    = {Schler, Jonathan and Koppel, Moshe and Argamon, Shlomo and Pennebaker, James W},
  title     = {Effects of age and gender on blogging.},
  booktitle = {AAAI spring symposium: Computational approaches to analyzing weblogs},
  year      = {2006},
  volume    = {6},
  pages     = {199--205},
}

@InProceedings{potthast2018overview,
  author    = {Potthast, Martin and Schremmer, Felix and Hagen, Matthias and Stein, Benno},
  title     = {Overview of the Author Obfuscation Task at PAN 2018: A New Approach to Measuring Safety.},
  booktitle = {CLEF (Working Notes)},
  year      = {2018},
}

@misc{krzywinski2014points,
  title={Points of significance: visualizing samples with box plots},
  author={Krzywinski, Martin and Altman, Naomi},
  year={2014},
  publisher={Nature Publishing Group}
}

@Comment{jabref-meta: databaseType:bibtex;}
