% Encoding: Big5-HKSCS

@inproceedings{kacmarcik2006obfuscating,
  title={Obfuscating document stylometry to preserve author anonymity},
  author={Kacmarcik, Gary and Gamon, Michael},
  booktitle={Proceedings of the COLING/ACL on Main conference poster sessions},
  pages={444--451},
  year={2006},
  organization={Association for Computational Linguistics}
}



@Misc{microsoft18employeeletter,
    author = {Anonymous},
  Title                    = {{An Open Letter to Microsoft: Don't Bid on the US Military's Project JEDI}},
  HowPublished             = {\url{https://medium.com/s/story/an-open-letter-to-microsoft-dont-bid-on-the-us-military-s-project-jedi-7279338b7132}},
      year = {2018},

}



@InProceedings{Guo2018LongTG,
  title={Long Text Generation via Adversarial Training with Leaked Information},
  author={Jiaxian Guo and Sidi Lu and Han Cai and Weinan Zhang and Yong Yu},
  booktitle={AAAI},
  year={2018}
}

@InProceedings{dcastrocastro2017case,
  author    = {Daniel Castro-Castro and Reynier Ortega Bueno and Rafael Munoz},
  title     = {{Author Masking by Sentence Transformation}},
  booktitle = {Notebook for PAN at CLEF},
  year      = {2017},
}

@InProceedings{PAN2018overview,
  author    = {Potthast, Schremmer and Hagen, Stein},
  title     = {{Overview of the Author Obfuscation Task at PAN 2018: A New Approach to Measuring Safety}},
  booktitle = {Notebook for PAN at CLEF 2018},
  year      = {2018},
}

@InProceedings{mansoorizadeh2016author,
  author    = {Mansoorizadeh, Muharram and Rahgooy, Taher and Aminiyan, Mohammad and Eskandari, Mahdy},
  title     = {{Author obfuscation using WordNet and language models}},
  booktitle = {Notebook for PAN at CLEF 2016},
  year      = {2016},
}

@Article{miller1995wordnet,
  author    = {Miller, George A},
  title     = {{WordNet: a lexical database for English}},
  journal   = {Communications of the ACM},
  year      = {1995},
  volume    = {38},
  number    = {11},
  pages     = {39--41},
  publisher = {ACM},
}

@inproceedings{meteorScoreR,
    title = "Meteor Universal: Language Specific Translation Evaluation for Any Target Language",
    author = "Denkowski, Michael  and
      Lavie, Alon",
    booktitle = "Proceedings of the Ninth Workshop on Statistical Machine Translation",
    month = jun,
    year = "2014",
    address = "Baltimore, Maryland, USA",
    publisher = "Association for Computational Linguistics",
    url = "https://www.aclweb.org/anthology/W14-3348",
    doi = "10.3115/v1/W14-3348",
    pages = "376--380",
}

@InProceedings{keswani2016author,
  author    = {Keswani, Yashwant and Trivedi, Harsh and Mehta, Parth and Majumder, Prasenjit},
  title     = {{Author Masking through Translation}},
  booktitle = {Notebook for PAN at CLEF 2016},
  year      = {2016},
  pages     = {890--894},
}

@inproceedings{stamatatos2017authorship,
  title={Authorship attribution using text distortion},
  author={Stamatatos, Efstathios},
  booktitle={Proceedings of the 15th Conference of the European Chapter of the Association for Computational Linguistics: Volume 1, Long Papers},
  volume={1},
  pages={1138--1149},
  year={2017}
}


@inproceedings{potthast2016author,
  title={Author Obfuscation: Attacking the State of the Art in Authorship Verification.},
  author={Potthast, Martin and Hagen, Matthias and Stein, Benno},
  booktitle={CLEF (Working Notes)},
  pages={716--749},
  year={2016}
}

@Book{garandomsearch,
  title     = {{Genetic Algorithms in Search, Optimization and Machine Learning}},
  publisher = {Addison-Wesley Longman Publishing Co., Inc. Boston, MA, USA},
  year      = {1989},
  author    = {David E. Goldberg},
}

@InProceedings{rajapaksha2017identifying,
  author       = {Rajapaksha, Praboda and Farahbakhsh, Reza and Crespi, Noel},
  title        = {{Identifying Content Originator in Social Networks}},
  booktitle    = {IEEE Global Communications Conference},
  year         = {2017},
  pages        = {1--6},
  organization = {IEEE},
}

@InProceedings{almishari2014stylometric,
  author       = {Almishari, Mishari and Kaafar, Dali and Tsudik, Gene and Oguz, Ekin},
  title        = {{Stylometric linkability of tweets}},
  booktitle    = {Proceedings of the 13th Workshop on Privacy in the Electronic Society (WPES 2014)},
  year         = {2014},
  pages        = {205--208},
  organization = {ACM},
}

@InProceedings{almishari2014cosn,
  author    = {Mishari Almishari and Ekin Oguz and Gene Tsudik},
  title     = {{Fighting Authorship Linkability with Crowdsourcing}},
  booktitle = {ACM Conference on Online Social Networks (COSN)},
  year      = {2014},
}



@InProceedings{afroz2014doppelganger,
  author       = {Afroz, Sadia and Islam, Aylin Caliskan and Stolerman, Ariel and Greenstadt, Rachel and McCoy, Damon},
  title        = {{Doppelg{\"a}nger finder: Taking stylometry to the underground}},
  booktitle    = {IEEE Symposium on Security and Privacy (IEEE S\&P)},
  year         = {2014},
  pages        = {212--226},
  organization = {IEEE},
}
@inproceedings{kim2011topic,
  title={Topic modeling of freelance job postings to monitor web service abuse},
  author={Kim, Do-kyum and Motoyama, Marti and Voelker, Geoffrey M and Saul, Lawrence K},
  booktitle={Proceedings of the 4th ACM Workshop on Security and Artificial Intelligence},
  pages={11--20},
  year={2011},
  organization={ACM}
}


@article{noecker2012distractorless,
  title={Distractorless authorship verification},
  author={Noecker, John and Ryan, Michael},
  year={2012},
  publisher={Citeseer}
}


@inproceedings{stolerman2013classify,
  title={Classify, but verify: Breaking the closed-world assumption in stylometric authorship attribution},
  author={Stolerman, Ariel and Overdorf, Rebekah and Afroz, Sadia and Greenstadt, Rachel},
  booktitle={IFIP Working Group},
  volume={11},
  pages={64},
  year={2013}
}


@InProceedings{Aggarwal15ShadowsPST,
  Title                    = {{What they do in shadows: Twitter underground follower market}},
  Author                   = {Anupama Aggarwal and Ponnurangam Kumaraguru},
  Booktitle                = {13th IEEE Annual Conference on Privacy, Security and Trust (PST)},
  Year                     = {2015}
}

@InProceedings{Yu06SybilGuardSIGCOMM,
  Title                    = {{SybilGuard: defending against sybil attacks via social networks}},
  Author                   = {Haifeng Yu and Michael Kaminsky and Phillip B. Gibbons and Abraham Flaxman},
  Booktitle                = {ACM SIGCOMM},
  Year                     = {2006},

  Owner                    = {lab04},
  Timestamp                = {2016.02.01}
}

@InProceedings{YuSybilLimit08SP,
  Title                    = {{SybilLimit: A Near-Optimal Social Network Defense against Sybil Attacks}},
  Author                   = {Haifeng Yu and Phillip B. Gibbons and Michael Kaminsky and Feng Xiao},
  Booktitle                = {IEEE Symposium on Security and Privacy},
  Year                     = {2008},

  Owner                    = {lab04},
  Timestamp                = {2016.02.01}
}

@InProceedings{Thomas14CCSConseqConn,
  author    = {Kurt Thomas and Frank LI and Chris Grier and Vern Paxson},
  title     = {{Consequences of Connectivity: Characterizing Account Hijacking on Twitter}},
  booktitle = {ACM CCS},
  year      = {2014},
}

@InProceedings{liang2017deep,
  author  = {Liang, Bin and Li, Hongcheng and Su, Miaoqiang and Bian, Pan and Li, Xirong and Shi, Wenchang},
  title   = {{Deep Text Classification Can be Fooled}},
  year    = {2017},
  journal = {arXiv preprint arXiv:1704.08006},
}

@inproceedings{samanta2017towards,
  title={Towards Crafting Text Adversarial Samples},
  author={Samanta, Suranjana and Mehta, Sameep},
  journal={arXiv preprint arXiv:1707.02812},
  year={2017}
}

@inproceedings{reddy2016obfuscating,
  title={Obfuscating gender in social media writing},
  author={Reddy, Sravana and Knight, Kevin},
  booktitle={Proceedings of the First Workshop on NLP and Computational Social Science},
  pages={17--26},
  year={2016}
}

@inproceedings{zhang2017sentence,
  title={Sentence simplification with deep reinforcement learning},
  author={Zhang, Xingxing and Lapata, Mirella},
  journal={arXiv preprint arXiv:1703.10931},
  year={2017}
}


@inproceedings{guu2017generating,
  title={Generating Sentences by Editing Prototypes},
  author={Guu, Kelvin and Hashimoto, Tatsunori B and Oren, Yonatan and Liang, Percy},
  journal={arXiv preprint arXiv:1709.08878},
  year={2017}
}




@inproceedings{zhang2015character,
  title={Character-level convolutional networks for text classification},
  author={Zhang, Xiang and Zhao, Junbo and LeCun, Yann},
  booktitle={Advances in neural information processing systems},
  pages={649--657},
  year={2015}
}

@inproceedings{liu2017leveraging,
  title={Leveraging linguistic resources for improving neural text classification},
  author={Liu, Ming and Haffari, Gholamreza and Buntine, Wray and Ananda-Rajah, Michelle},
  booktitle={Proceedings of the Australasian Language Technology Association Workshop 2017},
  pages={34--42},
  year={2017}
}


@inproceedings{wehrmann2017character,
  title={A character-based convolutional neural network for language-agnostic Twitter sentiment analysis},
  author={Wehrmann, Joonatas and Becker, Willian and Cagnini, Henry EL and Barros, Rodrigo C},
  booktitle={Neural Networks (IJCNN), 2017 International Joint Conference on},
  pages={2384--2391},
  year={2017},
  organization={IEEE}
}


@inproceedings{lai2015recurrent,
  title={Recurrent Convolutional Neural Networks for Text Classification.},
  author={Lai, Siwei and Xu, Liheng and Liu, Kang and Zhao, Jun},
  booktitle={AAAI},
  volume={333},
  pages={2267--2273},
  year={2015}
}


@article{joulin2016bag,
  title={Bag of tricks for efficient text classification},
  author={Joulin, Armand and Grave, Edouard and Bojanowski, Piotr and Mikolov, Tomas},
  journal={arXiv preprint arXiv:1607.01759},
  year={2016}
}


@inproceedings{shetty2017a4nt,
  title={{A4NT: Author Attribute Anonymity by Adversarial Training of Neural Machine Translation}},
  author={Shetty, Rakshith and Schiele, Bernt and Fritz, Mario},
  year={2018},
  booktitle={USENIX Security Symposium}
}

@InProceedings{universal,
  author        = {Jeremy Howard and Sebastian Ruder},
  title         = {{Universal Language Model Fine-tuning for Text Classification}},
  booktitle     = {Proceedings of the 56th Annual Meeting of the Association for Computational Linguistics},
  year          = {2018},
  volume        = {abs/1801.06146},
  archiveprefix = {arXiv},
  bibsource     = {dblp computer science bibliography, https://dblp.org},
  biburl        = {https://dblp.org/rec/bib/journals/corr/abs-1801-06146},
  eprint        = {1801.06146},
  journal       = {CoRR},
  timestamp     = {Fri, 02 Feb 2018 14:20:25 +0100},
}

@inproceedings{wang2012end,
  title={End-to-end text recognition with convolutional neural networks},
  author={Wang, Tao and Wu, David J and Coates, Adam and Ng, Andrew Y},
  booktitle={Pattern Recognition (ICPR), 2012 21st International Conference on},
  pages={3304--3308},
  year={2012},
  organization={IEEE}
}


@article{hochreiter1997long,
  title={Long short-term memory},
  author={Hochreiter, Sepp and Schmidhuber, J{\"u}rgen},
  journal={Neural computation},
  volume={9},
  number={8},
  pages={1735--1780},
  year={1997},
  publisher={MIT Press}
}

@InProceedings{mcdonald2013anonymouth,
  author    = {Andrew W.E. McDonald and Jeffrey Ulman and Marc Barrowclift and Rachel Greenstadt},
  title     = {{Anonymouth Revamped: Getting Closer to Stylometric Anonymity}},
  booktitle = {PETools: Workshop on Privacy Enhancing Tools},
  year      = {2013},
  volume    = {20},
}



@inproceedings{goodfellow2014generative,
  title={Generative adversarial nets},
  author={Goodfellow, Ian and Pouget-Abadie, Jean and Mirza, Mehdi and Xu, Bing and Warde-Farley, David and Ozair, Sherjil and Courville, Aaron and Bengio, Yoshua},
  booktitle={Advances in neural information processing systems},
  pages={2672--2680},
  year={2014}
}


@article{kurakin2016adversarial,
  title={Adversarial machine learning at scale},
  author={Kurakin, Alexey and Goodfellow, Ian and Bengio, Samy},
  journal={arXiv preprint arXiv:1611.01236},
  year={2016}
}

@article{kusner2016gans,
  title={Gans for sequences of discrete elements with the gumbel-softmax distribution},
  author={Kusner, Matt J and Hern{\'a}ndez-Lobato, Jos{\'e} Miguel},
  journal={arXiv preprint arXiv:1611.04051},
  year={2016}
}

@incollection{williams1992simple,
  title={Simple statistical gradient-following algorithms for connectionist reinforcement learning},
  author={Williams, Ronald J},
  booktitle={Reinforcement Learning},
  pages={5--32},
  year={1992},
  publisher={Springer}
}

@article{arjovsky2017wasserstein,
  title={Wasserstein gan},
  author={Arjovsky, Martin and Chintala, Soumith and Bottou, L{\'e}on},
  journal={arXiv preprint arXiv:1701.07875},
  year={2017}
}



@InProceedings{alsallal2016integrated,
  author       = {Muna AlSallal and Rahat Iqbal and Saad Amin and Anne James and Vasile Palade},
  title        = {{An Integrated Machine Learning Approach for Extrinsic Plagiarism Detection}},
  booktitle    = {9th International Conference on Developments in eSystems Engineering},
  year         = {2016},
  organization = {IEEE},
}


@article{abdi2015pdlk,
  title={PDLK: Plagiarism detection using linguistic knowledge},
  author={Abdi, Asad and Idris, Norisma and Alguliyev, Rasim M and Aliguliyev, Ramiz M},
  journal={Expert Systems with Applications},
  volume={42},
  number={22},
  pages={8936--8946},
  year={2015},
  publisher={Elsevier}
}


@inproceedings{liu2006gplag,
  title={GPLAG: detection of software plagiarism by program dependence graph analysis},
  author={Liu, Chao and Chen, Chen and Han, Jiawei and Yu, Philip S},
  booktitle={Proceedings of the 12th ACM SIGKDD international conference on Knowledge discovery and data mining},
  pages={872--881},
  year={2006},
  organization={ACM}
}



@InProceedings{brennan2009practical,
  author    = {Michael Brennan and Rachel Greenstadt},
  title     = {{Practical Attacks Against Authorship Recognition Techniques}},
  booktitle = {Proceedings of the Twenty-First Conference on Innovative Applications of Artificial Intelligence},
  year      = {2009},
}

@article{alzantot2018did,
  title={Did you hear that? Adversarial Examples Against Automatic Speech Recognition},
  author={Alzantot, Moustafa and Balaji, Bharathan and Srivastava, Mani},
  journal={arXiv preprint arXiv:1801.00554},
  year={2018}
}

@misc{
wang2018learning,
title={Learning to Encode Text as Human-Readable Summaries using Generative Adversarial Networks},
author={Yau-Shian Wang and Hung-Yi Lee},
year={2018},
url={https://openreview.net/forum?id=r1kNDlbCb},
}

@Misc{PAN@CLEF,
  title        = {{PAN @ CLEF 2018 - Author Obfuscation}},
  howpublished = {\url{https://pan.webis.de/clef18/pan18-web/author-obfuscation.html}},
  year         = {2018},
}

@misc{
spinner,
title={The best spinner},
url={http://thebestspinner.com/},
}

@InProceedings{mikolov2013distributed,
  author    = {Mikolov, Tomas and Sutskever, Ilya and Chen, Kai and Corrado, Greg S and Dean, Jeff},
  title     = {{Distributed Representations of Words and Phrases and their Compositionality}},
  booktitle = {Advances in Neural Information Processing Systems},
  year      = {2013},
  pages     = {3111--3119},
}

@inproceedings{pennington2014glove,
  title={Glove: Global vectors for word representation},
  author={Pennington, Jeffrey and Socher, Richard and Manning, Christopher},
  booktitle={Proceedings of the 2014 conference on empirical methods in natural language processing (EMNLP)},
  pages={1532--1543},
  year={2014}
}

@inproceedings{levy2014dependency,
  title={Dependency-based word embeddings},
  author={Levy, Omer and Goldberg, Yoav},
  booktitle={Proceedings of the 52nd Annual Meeting of the Association for Computational Linguistics (Volume 2: Short Papers)},
  volume={2},
  pages={302--308},
  year={2014}
}

@Book{mosteller1964inference,
  title  = {{Inference and disputed authorship: The Federalist}},
  year   = {1964},
  author = {Mosteller, Frederick and Wallace, David},
}

@article{hearst1998support,
  title={Support vector machines},
  author={Hearst, Marti A. and Dumais, Susan T and Osuna, Edgar and Platt, John and Scholkopf, Bernhard},
  journal={IEEE Intelligent Systems and their applications},
  volume={13},
  number={4},
  pages={18--28},
  year={1998},
  publisher={IEEE}
}


@inproceedings{mccallum1998comparison,
  title={A comparison of event models for naive bayes text classification},
  author={McCallum, Andrew and Nigam, Kamal and others},
  booktitle={AAAI-98 workshop on learning for text categorization},
  volume={752},
  number={1},
  pages={41--48},
  year={1998},
  organization={Citeseer}
}


@article{funahashi1989approximate,
  title={On the approximate realization of continuous mappings by neural networks},
  author={Funahashi, Ken-Ichi},
  journal={Neural networks},
  volume={2},
  number={3},
  pages={183--192},
  year={1989},
  publisher={Pergamon}
}

@PhdThesis{holmes1995federalist,
  author    = {D. I. Holmes and R. S. Forsyth},
  title     = {{The Federalist revisited: New directions in authorship attribution}},
  school    = {Department of Mathematical Sciences, University of the West of England, Bristol, UK},
  year      = {1995},
  journal   = {Literary and Linguistic computing},
  number    = {2},
  pages     = {111--127},
  publisher = {Oxford University Press},
  volume    = {10},
}

@InProceedings{Schler2006,
  author    = {Schler, Jonathan and Koppel, Moshe and Argamon, Shlomo and Pennebaker, James W},
  title     = {Effects of age and gender on blogging.},
  booktitle = {AAAI spring symposium: Computational approaches to analyzing weblogs},
  year      = {2006},
  volume    = {6},
  pages     = {199--205},
}

@InProceedings{clark2007algorithm,
  author       = {Jonathan H. Clark and Charles J. Hannon},
  title        = {{An Algorithm for Identifying Authors Using Synonyms}},
  booktitle    = {Eighth Mexican International Conference on Current Trends in Computer Science (ENC 2007)},
  year         = {2007},
  pages        = {99--104},
  organization = {IEEE},
}

@InProceedings{Goodfellow2014,
  author    = {Goodfellow, Ian and Pouget-Abadie, Jean and Mirza, Mehdi and Xu, Bing and Warde-Farley, David and Ozair, Sherjil and Courville, Aaron and Bengio, Yoshua},
  title     = {Generative adversarial nets},
  booktitle = {Advances in neural information processing systems},
  year      = {2014},
  pages     = {2672--2680},
}

@book{sutton1998reinforcement,
  title={Reinforcement learning: An introduction},
  author={Sutton, Richard S and Barto, Andrew G},
  volume={1},
  number={1},
  year={1998},
  publisher={MIT press Cambridge}
}

@inproceedings{sutskever2014sequence,
  title={Sequence to sequence learning with neural networks},
  author={Sutskever, Ilya and Vinyals, Oriol and Le, Quoc V},
  booktitle={Advances in neural information processing systems},
  pages={3104--3112},
  year={2014}
}

@article{see2017get,
  title={Get to the point: Summarization with pointer-generator networks},
  author={See, Abigail and Liu, Peter J and Manning, Christopher D},
  journal={arXiv preprint arXiv:1704.04368},
  year={2017}
}

@Article{Wang2018,
  author = {Wang, Yau-Shian and Lee, Hung-Yi},
  title  = {{Learning to Encode Text as Human-Readable Summaries using Generative Adversarial Networks}},
  year   = {2018},
}

@article{such2017deep,
  title={Deep Neuroevolution: Genetic Algorithms Are a Competitive Alternative for Training Deep Neural Networks for Reinforcement Learning},
  author={Such, Felipe Petroski and Madhavan, Vashisht and Conti, Edoardo and Lehman, Joel and Stanley, Kenneth O and Clune, Jeff},
  journal={arXiv preprint arXiv:1712.06567},
  year={2017}
}

@inproceedings{tang2014learning,
  title={Learning sentiment-specific word embedding for twitter sentiment classification},
  author={Tang, Duyu and Wei, Furu and Yang, Nan and Zhou, Ming and Liu, Ting and Qin, Bing},
  booktitle={Proceedings of the 52nd Annual Meeting of the Association for Computational Linguistics (Volume 1: Long Papers)},
  volume={1},
  pages={1555--1565},
  year={2014}
}

@inproceedings{baccianella2010sentiwordnet,
  title={Sentiwordnet 3.0: an enhanced lexical resource for sentiment analysis and opinion mining.},
  author={Baccianella, Stefano and Esuli, Andrea and Sebastiani, Fabrizio},
  booktitle={LREC},
  volume={10},
  number={2010},
  pages={2200--2204},
  year={2010}
}


@inproceedings{kiros2015skip,
  title={Skip-thought vectors},
  author={Kiros, Ryan and Zhu, Yukun and Salakhutdinov, Ruslan R and Zemel, Richard and Urtasun, Raquel and Torralba, Antonio and Fidler, Sanja},
  booktitle={Advances in neural information processing systems},
  pages={3294--3302},
  year={2015}
}

@MastersThesis{shakespeare,
  author = {Omran Ehmoda and Eugene Charniak},
  title  = {{Statistical Stylometrics and the Marlowe-Shakespeare Authorship Debate}},
  school = {Department of Cognitive, Linguistic \& Psychological Sciences, Brown University},
  year   = {2012},
}

@article{evostrategies,
  title={Evolution Strategies as a Scalable Alternative to Reinforcement Learning},
  author={Salimans, Tim; Ho, Jonathan; Chen, Xi; Sidor, Szymon; Sutskever, Ilya},
  journal={arXiv preprint arXiv:1703.03864},
  year={2017}
}

@InProceedings{refningWordEmbeddings,
  author    = {Liang-Chih Yu and Jin Wang and K. Robert Lai and Xuejie Zhang},
  title     = {Refining Word Embeddings Using Intensity Scores for Sentiment Analysis},
  booktitle = {IEEE/ACM Transactions on Audio, Speech, and Language Processing},
  year      = {2018},
}
@inproceedings{FelchKincaid,
  title={{Revisiting Readability: A Unified Framework for Predicting Text Quality}},
  author={Emily Pitler and Ani Nenkova},
  booktitle = {Empirical Methods in Natural Language Processing (EMNLP)},
  year = 2008,
}

@article{GunningFog,
  title={{The Fog Index After Twenty Years}},
  author={Robert Gunning},
  year = 1969,
  journal = {International Journal of Business Communication},
}

@Article{newtestament,
  author  = {Maryam Ebrahimpour and Talis J. Putnins and Matthew J. Berryman and Andrew Allison and Brian W.-H. Ng and Derek Abbott},
  title   = {{Automated Authorship Attribution Using Advanced Signal Classification Techniques}},
  journal = {{PLOS ONE}},
  year    = {2013},
  url     = {https://journals.plos.org/plosone/article?id=10.1371/journal.pone.0054998},
}
@Article{overdorf16pets,
  title={Blogs, Twitter Feeds, and Reddit Comments:
Cross-domain Authorship Attribution},
  author={Rebekah Overdorf and Rachel Greenstadt},
  booktitle={Proceedings on Privacy Enhancing Technologies ; 2016 (3):155??¡§171},
  year={2016},
}

@Misc{PANobfuscationtasks,
  title        = {{PAN}},
  howpublished = {\url{https://pan.webis.de/tasks.html}},
}

@Misc{nbcchicago,
  author       = {Seth Borenstein},
  title        = {{Close Look at Word Choice Could ID Anonymous NYT Columnist: Word Detectives}},
  howpublished = {\url{https://www.nbcchicago.com/news/politics/Science-May-Help-Identify-Opinion-Columnist-492649561.html}},
  year         = {2018},
}

@misc{nytimes,
title = {{I Am Part of the Resistance Inside the Trump Administration. Opinion, The New York Times}},
year = 2018,
howpublished={https://www.nytimes.com/2018/09/05/opinion/trump-white-house-anonymous-resistance.html},
}

@Misc{fbimodalities,
  title        = {{Modalities -- FBI}},
  howpublished = {\url{https://www.fbi.gov/services/cjis/fingerprints-and-other-biometrics/biometric-center-of-excellence/modalities}},
}

@InProceedings{chrisInvariance,
  author    = {Chris Emmery and Enrique Manjavacas and Grzegorz Chrupala},
  title     = {{Style Obfuscation by Invariance}},
  booktitle = {Proceedings of the 27th International Conference on Computational Linguistics},
  year      = {2018},
}

@article{2018arXivUMAP,
     author = {{McInnes}, L. and {Healy}, J. and {Melville}, J.},
     title = "{{UMAP: Uniform Manifold Approximation
     and Projection for Dimension Reduction}}",
     journal = {ArXiv e-prints},
     archivePrefix = "arXiv",
     eprint = {1802.03426},
     primaryClass = "stat.ML",
     keywords = {Statistics - Machine Learning,
                 Computer Science - Computational Geometry,
                 Computer Science - Learning},
     year = 2018,
     month = feb,
}

@Comment{jabref-meta: databaseType:bibtex;}
